%% This BibTeX bibliography file was created using BibDesk.
%% https://bibdesk.sourceforge.io/

%% Created for Javier Pereira Retamales at 2019-12-22 11:22:38 -0300 


%% Saved with string encoding Unicode (UTF-8) 



@article{doCarvalhalMonteiro2018,
	Author = {do~Carvalhal~Monteiro, R.L. and  Pereira, V. and Costa, H.G.},
	Date-Added = {2019-12-22 11:19:20 -0300},
	Date-Modified = {2019-12-22 11:22:38 -0300},
	Journal = {Social Indicators Research},
	Number = {417-438},
	Title = {A Multicriteria Approach to the {Human Development Index} Classification},
	Volume = {136},
	Year = {2018}}

@inproceedings{DeSmet2014,
	Author = {De~Smet, Y.},
	Booktitle = {IEEE International Conference on Industrial Engineering and Engineering Management},
	Date-Added = {2019-12-22 11:11:52 -0300},
	Date-Modified = {2019-12-22 11:18:20 -0300},
	Publisher = {IEEE},
	Title = {An extension of {PROMETHEE} to divisive hierarchical multicriteria clustering},
	Volume = {10.1109/IEEM.2014.7058699},
	Year = {2014}}

@article{Boujelben2016,
	Author = {Boujelben, M. and De~Smet, Y.},
	Date-Added = {2019-12-22 11:08:44 -0300},
	Date-Modified = {2019-12-22 11:09:42 -0300},
	Journal = {International Journal of Multicriteria Decision Making},
	Number = {2},
	Pages = {157-187},
	Title = {A multicriteria ordered clustering algorithm to determine precise or disjunctive partitions},
	Volume = {6},
	Year = {2016}}

@article{Panapakidis2018,
	Author = {Panapakidis, I. and Christoforidis, G.},
	Date-Added = {2019-12-17 11:30:31 -0300},
	Date-Modified = {2019-12-17 11:31:51 -0300},
	Journal = {Applied Sciences},
	Number = {237},
	Pages = {doi:10.3390/app8020237},
	Title = {Optimal Selection of Clustering Algorithm via {Multi-Criteria Decision Analysis (MCDA)} for Load Profiling Applications},
	Volume = {8},
	Year = {2018}}

@article{Lolli2014,
	Author = {Lolli, F. and Ishizaka, A. and Gamberini, R.},
	Date-Added = {2019-12-17 11:26:52 -0300},
	Date-Modified = {2019-12-17 11:28:04 -0300},
	Journal = {International Journal of Production Economics},
	Pages = {62-74},
	Title = {New AHP-based approaches for multi- criteria inventory classification},
	Volume = {156},
	Year = {2014}}

@article{Fernandez2010,
	Author = {Fernandez, E. and Navarro, J. and Bernal, S.},
	Date-Added = {2019-12-16 16:34:49 -0300},
	Date-Modified = {2019-12-16 16:36:22 -0300},
	Journal = {European Journal of Operational Research},
	Pages = {819-827},
	Title = {Handling multicriteria preferences in cluster analysis},
	Volume = {202},
	Year = {2010}}

@article{DeSmet2012,
	Author = {De~Smet, Y. and Nemery, P. and Selvaraj, R.},
	Date-Added = {2019-12-11 15:35:49 -0300},
	Date-Modified = {2019-12-11 15:36:52 -0300},
	Journal = {Omega},
	Pages = {861-869},
	Title = {An exact algorithm for the multicriteria ordered clustering problem},
	Volume = {40},
	Year = {2012}}

@article{Chen2018,
	Author = {Chen, L. and Xu, Z. and Wang, H. and Liu, S.},
	Date-Added = {2019-12-11 15:29:18 -0300},
	Date-Modified = {2019-12-11 15:54:13 -0300},
	Journal = {International Journal of Machine Learning and Cybernetics},
	Number = {6},
	Pages = {917-926},
	Title = {An ordered clustering algorithm based on {K-means and the PROMETHEE} method},
	Volume = {9},
	Year = {2018}}

@article{Noorbakhsh1998,
	Author = {Noorbakhsh, F.},
	Date-Added = {2019-10-21 10:16:01 -0300},
	Date-Modified = {2019-10-21 10:17:41 -0300},
	Journal = {Journal of International Development},
	Pages = {589-605},
	Title = {The {Human Development Index}: some technical issues and alternative indices},
	Volume = {10},
	Year = {1998}}

@inproceedings{DeSmet2009,
	Author = {De~Smet, Y. and Eppe, S.},
	Booktitle = {EMO 2009, LNCS 5467},
	Date-Added = {2019-10-16 13:09:08 -0300},
	Date-Modified = {2019-10-16 13:10:43 -0300},
	Editor = {M. Ehrgott et al.},
	Title = {Multicriteria Relational Clustering: The Case of Binary Outranking Matrices},
	Year = {2009}}

@article{Peng2014,
	Author = {Peng, J. and Wang, J-q. and Zhang, H-y. and Chen, X-h.},
	Date-Added = {2019-05-01 18:15:13 -0400},
	Date-Modified = {2019-05-01 18:16:47 -0400},
	Journal = {Applied Soft Computing},
	Pages = {336-346},
	Title = {An outranking approach for multi-criteria decision-making problems with simplified neutrosophic sets},
	Volume = {25},
	Year = {2014}}

@article{Zhang2018b,
	Author = {Zhang, Z. and Kou, X. and Yu, W. and Guo, C.},
	Date-Added = {2019-04-29 11:29:27 -0400},
	Date-Modified = {2019-04-29 11:30:30 -0400},
	Journal = {Knowledge-Based Systems},
	Pages = {115-126},
	Title = {On priority weights and consistency for incomplete hesitant fuzzy preference relations},
	Volume = {143},
	Year = {2018}}

@article{Zhang2018,
	Author = {Zhang, Z. and Kou, X. and Dong, Q.},
	Date-Added = {2019-04-29 11:08:26 -0400},
	Date-Modified = {2019-04-29 11:09:43 -0400},
	Journal = {Expert Systems With Applications},
	Pages = {118-128},
	Title = {Additive consistency analysis and improvement for hesitant fuzzy preference relations},
	Volume = {98},
	Year = {2018}}

@article{Zhu2013,
	Author = {Zhu, B. and Xu, Z.},
	Date-Added = {2019-04-29 10:47:22 -0400},
	Date-Modified = {2019-04-29 10:49:39 -0400},
	Journal = {Technological and Economic Development of Economy},
	Number = {sup1},
	Pages = {S214--S227},
	Title = {Regression methods for hesitant fuzzy preference relations},
	Volume = {19},
	Year = {2013}}

@article{Zhang2016,
	Author = {Zhang, Z. and Guo, C.},
	Date-Added = {2019-04-27 20:37:19 -0400},
	Date-Modified = {2019-04-27 20:38:38 -0400},
	Journal = {International Journal of Computational Intelligence Systems},
	Number = {2},
	Pages = {245-262},
	Title = {Fusion of heterogeneous incomplete hesitant preference relations in group decision making},
	Volume = {9},
	Year = {2016}}

@article{Vanderpooten1989,
	Author = {Vanderpooten, D.},
	Date-Added = {2019-03-06 21:30:03 -0300},
	Date-Modified = {2019-03-06 21:31:35 -0300},
	Journal = {Mathematical and Computer Modelling},
	Number = {10/11},
	Pages = {1213-1220},
	Title = {The interactive approach in {MCDA}: a technical framework and some basic concepts},
	Volume = {12},
	Year = {1989}}

@inproceedings{Zheng2011,
	Author = {Zheng, J. and Cailloux, O. and Mousseau, V.},
	Booktitle = {International Conference on Algorithmic DecisionTheory},
	Date-Added = {2019-02-27 16:50:38 -0300},
	Date-Modified = {2019-02-27 16:53:13 -0300},
	Editor = {Brafman, R. and Roberts, F. and Tsoukias, A.},
	Pages = {331-343},
	Series = {Lecture Notes in Computer Science},
	Title = {Constrained Multicriteria Sorting Method Applied to Portfolio Selection},
	Volume = {6992},
	Year = {2011}}

@article{Karasakal2017,
	Author = {Karasakal, E. and Aker, P.},
	Date-Added = {2019-02-27 16:45:06 -0300},
	Date-Modified = {2019-02-27 16:45:06 -0300},
	Journal = {Omega},
	Pages = {79-92},
	Title = {A multicriteria sorting approach based on data envelopment analysis for {R\&D} project selection problem},
	Volume = {73},
	Year = {2017}}

@book{pmi2017,
	Author = {Project Management Institute},
	Date-Added = {2019-02-27 16:44:37 -0300},
	Date-Modified = {2019-02-27 16:44:37 -0300},
	Publisher = {Project Management Institute, Inc.},
	Title = {The Standard for Portfolio Management},
	Year = {2017}}

@book{p3o2008,
	Author = {Great Britain Office of Government Commerce},
	Date-Added = {2019-02-27 16:44:34 -0300},
	Date-Modified = {2019-02-27 16:44:34 -0300},
	Publisher = {Stationery Office},
	Title = {Portfolio, Programme and Project Offices Pocketbook},
	Year = {2008}}

@article{Oliveira2016,
	Author = {de~Oliveira, E.C.B. and Alencar, L.H. and Costa, A.P.C.S.},
	Date-Added = {2019-02-27 16:44:28 -0300},
	Date-Modified = {2019-02-27 16:44:28 -0300},
	Journal = {Production},
	Number = {1},
	Pages = {91-104},
	Title = {A decision model for energy companies that sorts projects, classifies the project manager and recommends the final match between project and project manager},
	Volume = {26},
	Year = {2016}}

@book{Crawford2005,
	Author = {Crawford, L. and Hobbs, J. B. and Turner, J. R.},
	Date-Added = {2019-02-27 16:44:16 -0300},
	Date-Modified = {2019-02-27 16:44:16 -0300},
	Publisher = {Newtown Square},
	Title = {Project Categorization Systems: Aligning Capability with Strategy for Better Results},
	Year = {2005}}

@article{Oliveira2018,
	Author = {de~Oliveira, E.C.B. and Alencar, L.H. and Costa, A.P.C.S.},
	Date-Added = {2019-01-22 00:08:23 -0300},
	Date-Modified = {2019-01-22 00:10:36 -0300},
	Journal = {Production Planning \& Control},
	Number = {8},
	Pages = {645-654},
	Title = {Decision process of allocating projects to project managers},
	Volume = {29},
	Year = {2018}}

@article{Figueira2002,
	Author = {Figueira, J. and Roy, B.},
	Date-Added = {2019-01-14 17:18:09 -0300},
	Date-Modified = {2019-01-14 17:20:05 -0300},
	Journal = {European Journal of Operational Research},
	Pages = {317-326},
	Title = {Determining the weights of criteria in the {ELECTRE} type methods with a revised {S}imos' procedure},
	Volume = {139},
	Year = {2002}}

@article{maccarthy2003,
	Author = {{MacCarthy}, B.L. and Atthirawong, W.},
	Date-Added = {2017-04-10 18:40:33 +0000},
	Date-Modified = {2017-04-10 18:41:59 +0000},
	Journal = {International Journal of Operations \& Production Management},
	Number = {7},
	Pages = {794-818},
	Title = {Factors affecting location decisions in international operations -- a {D}elphi study},
	Volume = {23},
	Year = {2003}}

@article{ellram1990,
	Author = {Ellram, L.},
	Date-Added = {2017-03-09 00:07:33 +0000},
	Date-Modified = {2017-03-09 00:08:15 +0000},
	Journal = {The Journal of Supply Chain Management},
	Number = {1},
	Pages = {8-14},
	Title = {The supplier selection decision in strategic partnerships},
	Volume = {21},
	Year = {1990}}

@article{watts1993,
	Author = {Watts, C.A. and Hahn, C.K.},
	Date-Added = {2017-03-09 00:04:28 +0000},
	Date-Modified = {2017-03-09 00:05:58 +0000},
	Journal = {International Journal of Purchasing and Materials Management},
	Number = {2},
	Pages = {11-17},
	Title = {Supplier development programs: an empirical analysis},
	Volume = {29},
	Year = {1993}}

@article{krause2000,
	Author = {Krause, D. and Handfield, R. and Scannell, T. and Monczka, R.},
	Date-Added = {2017-03-09 00:02:09 +0000},
	Date-Modified = {2018-03-15 19:05:16 +0000},
	Journal = {Sloan Management Review},
	Pages = {37-49},
	Title = {Avoid the pitfalls in Supplier Development},
	Volume = {41},
	Year = {2000}}

@article{deboer2001,
	Author = {De Boer, L. and Labro, E. and Morlacchi, P.},
	Date-Added = {2017-03-03 20:35:09 +0000},
	Date-Modified = {2018-01-24 16:07:02 +0000},
	Journal = {European Journal of Purchasing \& Supply Management},
	Number = {2},
	Pages = {75-89},
	Title = {A review of methods supporting supplier selection},
	Volume = {7},
	Year = {2001}}

@webpage{cepe,
	Date-Added = {2017-02-10 16:50:05 +0000},
	Date-Modified = {2017-02-10 16:50:11 +0000},
	Url = {http://integrapyme.smetoolkit.org/integrapme/es/content/es/8673/Programa-de-Desarrollo-de-Proveedores-CEPE},
	Bdsk-Url-1 = {http://integrapyme.smetoolkit.org/integrapme/es/content/es/8673/Programa-de-Desarrollo-de-Proveedores-CEPE}}

@webpage{slp,
	Date-Added = {2017-02-10 16:49:02 +0000},
	Date-Modified = {2017-02-10 16:49:35 +0000},
	Url = {https://prezi.com/dqj9-bhydfim/programa-de-desarrollo-de-proveedores-en-el-sector-automotriz},
	Bdsk-Url-1 = {https://prezi.com/dqj9-bhydfim/programa-de-desarrollo-de-proveedores-en-el-sector-automotriz}}

@misc{PNDP,
	Author = {{Secretar\'ia de Econom\'ia de M\'exico}},
	Date-Added = {2017-02-10 16:47:24 +0000},
	Date-Modified = {2017-02-10 17:14:58 +0000},
	Lastchecked = {2016},
	Title = {Programa de Desarrollo de Proveedores},
	Url = {www.2006-2012.economia.gob.mx/mexico-emprende/casos-de-exito},
	Year = {2006-2012},
	Bdsk-Url-1 = {www.2006-2012.economia.gob.mx/mexico-emprende/casos-de-exito}}

@article{ho2011,
	Author = {Ho, W. and Dey, P. K. and Lockstr\"{o}m, M.},
	Date-Added = {2016-12-13 01:02:48 +0000},
	Date-Modified = {2018-03-14 20:15:41 +0000},
	Journal = {Supply Chain Management: An International Journal},
	Number = {6},
	Pages = {446-461},
	Title = {Strategic sourcing: a combined {QFD} and {AHP} approach in manufacturing},
	Volume = {16},
	Year = {2011}}

@article{ting2008,
	Author = {Ting, S. C. and Cho, D. I.},
	Date-Added = {2016-12-13 01:00:40 +0000},
	Date-Modified = {2016-12-13 01:01:34 +0000},
	Journal = {Supply Chain Management: An International Journal},
	Number = {2},
	Pages = {116-127},
	Title = {An integrated approach for supplier selection and purchasing decisions},
	Volume = {13},
	Year = {2008}}

@article{kusumal2007,
	Author = {Kusumal, R. and Dawn, R. and Evalyn, T.},
	Date-Added = {2016-12-13 00:57:55 +0000},
	Date-Modified = {2016-12-13 01:00:03 +0000},
	Journal = {Journal of Supply Chain management},
	Number = {4},
	Pages = {16-30},
	Title = {{U.S.} Sourcing from Low-Cost Countries: A comparative Analysis of Supplier Performance},
	Volume = {43},
	Year = {2007}}

@techreport{calvi2010,
	Author = {Calvi, R. and le Dain, M. and Fendt, T. and Herrmann, C.},
	Date-Added = {2016-12-13 00:52:56 +0000},
	Date-Modified = {2018-03-15 18:38:37 +0000},
	Institution = {{CERAG} {C}entre d'\'{E}tudes et de {R}echerches {A}ppliqu\'ees a la {G}estion, {U}niversit\'e {G}renoble {A}lpes, {F}rance},
	Number = {2010-11 E4},
	Title = {Supplier selection for strategic supplier development},
	Type = {Cahier de Recherche},
	Year = {2010}}

@article{hahn1990,
	Author = {Hahn, C.K. and Watts, C.A. and Kim, K.Y.},
	Date-Added = {2016-12-12 20:04:07 +0000},
	Date-Modified = {2016-12-12 20:05:41 +0000},
	Journal = {Journal of Purchasing and Materials Management},
	Number = {2},
	Pages = {2-22},
	Title = {The Supplier Development Program: A Conceptual Model},
	Volume = {26},
	Year = {1990}}

@article{arroyo2012,
	Author = {Arroyo-L\'opez, P. and Holmen, E. and De Boer, L.},
	Date-Added = {2016-12-08 18:23:12 +0000},
	Date-Modified = {2016-12-08 18:24:36 +0000},
	Journal = {Business Process Management Journal},
	Number = {4},
	Pages = {680-707},
	Title = {How do supplier development programs affect suppliers? Insights for suppliers, buyers and governments from an empirical study in {M}exico},
	Volume = {18},
	Year = {2012}}

@article{kinkel2009,
	Author = {Kinkel, S. and Maloca, S.},
	Date-Added = {2016-12-08 18:21:35 +0000},
	Date-Modified = {2016-12-08 23:29:18 +0000},
	Journal = {Journal of Purchasing \& Supply Management},
	Number = {3},
	Pages = {154-165},
	Title = {Drivers and antecedents of manufacturing offshoring and backshoring -- a {G}erman perspective},
	Volume = {15},
	Year = {2009}}

@article{kinkel2007,
	Author = {Kinkel, S. and Lay, G. and Maloca, S.},
	Date-Added = {2016-12-08 18:20:09 +0000},
	Date-Modified = {2016-12-08 18:21:21 +0000},
	Journal = {International Journal of Entrepreneurship and Small Business},
	Number = {3},
	Pages = {256-276},
	Title = {Development, motives and employment effects of manufacturing offshoring of {G}erman {SME}s},
	Volume = {4},
	Year = {2007}}

@article{wut2006,
	Author = {Wu, T. and Blackhurst, J. and Chidambaram, V.},
	Date-Added = {2016-12-02 23:37:51 +0000},
	Date-Modified = {2018-03-15 19:09:18 +0000},
	Journal = {Computers in Industry},
	Pages = {350-365},
	Title = {A model for inbound supply risk analysis},
	Volume = {57},
	Year = {2006}}

@article{wu2013,
	Author = {Wu, D. and Wu, D.D. and Zhang, Y. and Olson, D.L.},
	Date-Added = {2016-09-23 23:36:05 +0000},
	Date-Modified = {2018-03-15 19:09:05 +0000},
	Journal = {Information Sciences},
	Pages = {242-258},
	Title = {Supply chain outsourcing risk using an integrated stochastic-fuzzy optimization approach},
	Volume = {235},
	Year = {2013}}

@inproceedings{smith1996,
	Author = {Smith, R.L.},
	Booktitle = {Proceedings of the 1996 Winter Simulation Conference},
	Date-Added = {2016-04-29 16:56:03 +0000},
	Date-Modified = {2016-04-29 16:58:08 +0000},
	Editor = {Charnes, J.M. and Morrice, D.J. and Brunner, D.T. and Snrain, J.J.},
	Pages = {260-264},
	Title = {The {Hit-And-Run} sampler: a globally reaching {Markov Chain} sampler for generating arbitrary multivariate distributions},
	Year = {1996}}

@article{corrente2014,
	Author = {Corrente, S. and Figueira, J. and Greco, S.},
	Date-Added = {2016-04-28 18:50:04 +0000},
	Date-Modified = {2016-04-28 18:51:16 +0000},
	Journal = {European Journal of Operational Research},
	Number = {2},
	Pages = {514-522},
	Title = {The {SMAA-PROMETHEE} method},
	Volume = {239},
	Year = {2014}}

@article{tsui2015,
	Author = {Tsui,C-W. and Tzeng, G.H. and Wen, U-P.},
	Date-Added = {2016-04-28 15:04:31 +0000},
	Date-Modified = {2016-04-28 15:05:46 +0000},
	Journal = {International Journal of Production Research},
	Number = {21},
	Pages = {6436--6454},
	Title = {A hybrid {MCDM} approach for improving the performance of green suppliers in the {TFT-LCD} industry},
	Volume = {53},
	Year = {2015}}

@article{araz2007b,
	Author = {Araz, C. and Ozfirat, P.M. and Ozkarahan, I.},
	Date-Added = {2016-04-28 14:56:58 +0000},
	Date-Modified = {2018-03-15 19:00:30 +0000},
	Journal = {Computers \& Operations Research},
	Pages = {3738--3756},
	Title = {An integrated multicriteria decision-making methodology for outsourcing management},
	Volume = {34},
	Year = {2007}}

@article{shirinfar2011,
	Author = {Shirinfar, M. and Haleh, H.},
	Date-Added = {2016-04-28 14:52:35 +0000},
	Date-Modified = {2016-04-28 14:55:05 +0000},
	Journal = {International Journal of Industrial Engineering \& Production Research},
	Number = {4},
	Pages = {271-280},
	Title = {Supplier Selection and Evaluation by Fuzzy Multi-Criteria Decision Making Methodology},
	Volume = {22},
	Year = {2011}}

@article{sepulveda2014,
	Author = {Sep\'ulveda, J.M. and Derpich, I.S.},
	Date-Added = {2016-04-28 01:50:00 +0000},
	Date-Modified = {2018-03-15 18:59:24 +0000},
	Journal = {Procedia Computer Science},
	Pages = {966-975},
	Title = {Automated Reasoning for Supplier Performance Appraisal in Supply Chains},
	Volume = {31},
	Year = {2014}}

@article{chen2010,
	Author = {Chen, C.T. and Pai, P-F. and Hung, W-Z.},
	Date-Added = {2016-04-28 01:43:04 +0000},
	Date-Modified = {2016-04-28 01:44:51 +0000},
	Journal = {International Journal of Computational Intelligence Systems},
	Number = {4},
	Pages = {438-451},
	Title = {An Integrated Methodology using Linguistic {PROMETHEE} and {M}aximum {D}eviation {M}ethod for Third-party Logistics Supplier Selection},
	Volume = {3},
	Year = {2010}}

@article{dulmin2003,
	Author = {Dulmin, R. and Mininno, V.},
	Date-Added = {2016-04-28 01:37:45 +0000},
	Date-Modified = {2016-04-28 01:38:43 +0000},
	Journal = {Journal of Purchasing \& Supply Management},
	Number = {9},
	Pages = {177-187},
	Title = {Supplier selection using a multi-criteria decision aid method},
	Year = {2003}}

@article{behzadian2010,
	Author = {Behzadian, M. and Kazemzadeh, R.B. and Albadvi, A. and Aghdasi, M.},
	Date-Added = {2016-04-28 01:24:24 +0000},
	Date-Modified = {2016-04-28 01:25:54 +0000},
	Journal = {European Journal of Operational Research},
	Number = {200},
	Pages = {198-215},
	Title = {{PROMETHEE}: A comprehensive literature review on methodologies and applications},
	Year = {2010}}

@article{chen2011,
	Author = {Chen, Y. and Wang, T. and Wu, C.},
	Date-Added = {2016-04-27 19:32:31 +0000},
	Date-Modified = {2016-04-27 19:33:51 +0000},
	Journal = {Expert Systems with Applications},
	Number = {10},
	Pages = {13216--13222},
	Title = {Strategic decisions using the fuzzy {PROMETHEE} for {IS} outsourcing},
	Volume = {38},
	Year = {2011}}

@article{tuzkaya2009,
	Author = {Tuzkaya, G. and Ozgen, A. amd Ozgen, D. and Tuzkaya, U.R.},
	Date-Added = {2016-04-27 19:30:02 +0000},
	Date-Modified = {2016-04-27 19:31:05 +0000},
	Journal = {International Journal of Environmental Science and Technology},
	Number = {3},
	Pages = {477-490},
	Title = {Environmental performance evaluation of suppliers: A hybrid fuzzy multi-criteria decision approach},
	Volume = {6},
	Year = {2009}}

@article{araujo2015,
	Author = {Ara\'ujo,M.C.B and Alencar, L.H. and Viana, J.C.},
	Date-Added = {2016-04-27 19:25:09 +0000},
	Date-Modified = {2016-04-27 19:28:15 +0000},
	Journal = {Management Research Review},
	Number = {11},
	Pages = {1213-1232},
	Title = {Structuring a model for supplier selection},
	Volume = {38},
	Year = {2015}}

@article{chai2013,
	Author = {Chai, J. and Liu, J.N.K. and Ngai, E.W.T.},
	Date-Added = {2016-04-27 19:20:32 +0000},
	Date-Modified = {2018-03-15 19:01:17 +0000},
	Journal = {Expert Systems with Applications},
	Pages = {3872--3885},
	Title = {Application of decision-making techniques in supplier selection: A systematic review of literature},
	Volume = {40},
	Year = {2013}}

@article{yildiz2015,
	Author = {Yildiz, A. and Yayla, Y.},
	Date-Added = {2016-04-26 01:27:29 +0000},
	Date-Modified = {2018-01-24 16:14:01 +0000},
	Journal = {South African Journal of Industrial Engineering},
	Number = {2},
	Pages = {158-177},
	Title = {Multi-criteria decision-making methods for supplier selection: A literature review},
	Volume = {26},
	Year = {2015}}

@article{omurca2013,
	Author = {Omurca, S.I.},
	Date-Added = {2016-04-25 22:38:09 +0000},
	Date-Modified = {2016-04-25 22:39:14 +0000},
	Journal = {Applied Soft Computing},
	Number = {13},
	Pages = {690-697},
	Title = {An intelligent supplier evaluation, selection and development system},
	Year = {2013}}

@article{osiro2014,
	Author = {Osiro, L. and Lima-Junior, F.R. and Carpinetti, L.C.R.},
	Date-Added = {2016-04-25 22:34:51 +0000},
	Date-Modified = {2016-04-25 22:36:30 +0000},
	Journal = {International Journal of Production Economics},
	Number = {153},
	Pages = {95-112},
	Title = {A fuzzy logic approach to supplier evaluation for development},
	Year = {2014}}

@article{araz2007,
	Author = {Araz, C. and Ozkarahan, I.},
	Date-Added = {2016-03-17 00:35:24 +0000},
	Date-Modified = {2018-03-15 19:00:53 +0000},
	Journal = {International Journal of Production Economics},
	Pages = {585-606},
	Title = {Supplier evaluation and management system for strategic sourcing based on a new multicriteria sorting procedure},
	Volume = {106},
	Year = {2007}}

@article{rezaei2013,
	Author = {Rezaei, J. and Ortt, R.},
	Date-Added = {2016-03-16 23:49:42 +0000},
	Date-Modified = {2018-03-15 19:08:12 +0000},
	Journal = {European Journal of Operational Research},
	Pages = {75-84},
	Title = {Multi-criteria supplier segmentation using a fuzzy preference relations based on {AHP}},
	Volume = {225},
	Year = {2013}}

@article{ho2010,
	Author = {Ho, W. and Xu, X. and Dey, P.K.},
	Date-Added = {2016-03-15 17:07:56 +0000},
	Date-Modified = {2018-03-15 19:01:59 +0000},
	Journal = {European Journal of Operational Research},
	Pages = {16-24},
	Title = {Multi-criteria decision making approaches for supplier evaluation and selection: A literature review},
	Volume = {202},
	Year = {2010}}

@article{onesime2004,
	Author = {Onesime, O.C.T. and Xu, X. and Zhan, D.},
	Date-Added = {2016-01-30 16:30:04 +0000},
	Date-Modified = {2016-01-30 16:36:57 +0000},
	Journal = {International Journal of Information Technology \& Decision Making},
	Number = {3},
	Pages = {453-470},
	Title = {A Decision Support System For Supplier Selection Process},
	Volume = {3},
	Year = {2004}}

@inbook{korhonen2005,
	Author = {Korhonen, P.},
	Chapter = {Interactive Methods},
	Date-Added = {2016-01-30 00:18:58 +0000},
	Date-Modified = {2016-01-30 00:22:31 +0000},
	Editor = {Figueira, J. and Greco, S. and Ehrgott, M.},
	Pages = {641-666},
	Publisher = {Kluwer Academic Publishers},
	Title = {{M}ultiple {C}riteria {D}ecision {A}nalysis: state of the art surveys},
	Year = {2005}}

@inbook{kaliszewski2006,
	Author = {Kaliszewski, I.},
	Chapter = {{MCDM} Interactive Methods - An Overview},
	Date-Added = {2016-01-30 00:10:04 +0000},
	Date-Modified = {2016-01-30 00:16:13 +0000},
	Pages = {45-56},
	Publisher = {Springer},
	Series = {International Series in Operations Research \& Management Science},
	Title = {Soft Computing For Complex {M}ultiple {C}riteria {D}ecision {M}aking},
	Volume = {85},
	Year = {2006}}

@article{geoffrion1972,
	Author = {Geoffrion, A.M. and Dyer, J.S. and Feinberg, A.},
	Date-Added = {2016-01-29 23:42:55 +0000},
	Date-Modified = {2016-01-29 23:44:52 +0000},
	Journal = {Management Science},
	Number = {4},
	Pages = {357-368},
	Title = {An interactive approach for {M}ulti-{C}riterion {O}ptimization, with an application to the operation of an academic department},
	Volume = {19},
	Year = {1972}}

@article{miettinen2014,
	Author = {Miettinen, K.},
	Date-Added = {2016-01-29 23:39:16 +0000},
	Date-Modified = {2016-01-29 23:40:08 +0000},
	Journal = {OR Spectrum},
	Number = {1},
	Pages = {3-37},
	Title = {Survey of methods to visualize alternatives in multiple criteria decision making problems},
	Volume = {36},
	Year = {2014}}

@article{opricovic2004,
	Author = {Opricovic, S. and Tzeng, G.H.},
	Date-Added = {2016-01-28 22:49:07 +0000},
	Date-Modified = {2016-01-28 22:50:27 +0000},
	Journal = {European Journal of Operational Research},
	Number = {2},
	Pages = {445-455},
	Title = {The Compromise solution by {MCDM} methods: A comparative analysis of {VIKOR} and {TOPSIS}},
	Volume = {156},
	Year = {2004}}

@article{hwang1993,
	Author = {Hwang, C-L. and Lai, Y-L. and Liu, T-Y.},
	Date-Added = {2016-01-28 22:41:44 +0000},
	Date-Modified = {2016-01-28 23:07:37 +0000},
	Journal = {Computers \& Operations Research},
	Number = {8},
	Pages = {889-899},
	Title = {A new approach for multiple objective decision making},
	Volume = {20},
	Year = {1993}}

@url{secmexico2011,
	Author = {Secretar\'ia de Econom\'ia de M\'exico, Subsecretar\'ia de Industria y Comercio \& Direcci\'on General de Industrias Pesadas y de Alta Tecnolog\'ia{,}},
	Date-Added = {2016-01-27 19:45:58 +0000},
	Date-Modified = {2016-01-30 16:07:43 +0000},
	Title = {Programa estrat\'egico de la industria automotriz 2012-2020},
	Urldate = {http://www.economia.gob.mx/files/comunidad_negocios/industria_comercio/peia_ok.pdf},
	Year = {2011}}

@phdthesis{ramos2015,
	Author = {Ramos-Rangel, J. A.},
	Date-Added = {2016-01-27 19:43:29 +0000},
	Date-Modified = {2016-01-30 15:55:14 +0000},
	School = {Tecnologico de Monterrey, Campus Toluca},
	Title = {Evaluation of strategic suppliers in Mexico},
	Type = {Ph{D} {T}hesis, Industrial {E}ngineering {G}raduate {P}rogram},
	Year = {2015}}

@article{arroyo2018,
	Author = {Arroyo-L\'opez, P. E. and Ramos-Rangel, J. A.},
	Date-Added = {2016-01-27 19:42:20 +0000},
	Date-Modified = {2018-03-28 14:07:36 +0000},
	Journal = {Ingenier\'ia, Investigaci\'on y Tecnolog\'ia},
	Number = {1},
	Pages = {25-36. http://www.revistaingenieria.unam.mx/numeros/2018/v19n1-03.pdf},
	Title = {A methodological proposal to define supplier development programs},
	Volume = {XIX},
	Year = {2018}}

@article{lust2014,
	Author = {Lust, T. and Tuyttens, D.},
	Date-Added = {2016-01-23 14:52:11 +0000},
	Date-Modified = {2016-01-23 14:53:15 +0000},
	Journal = {Journal of Heuristics},
	Number = {20},
	Pages = {165-188},
	Title = {Variable and large neighborhood search to solve the multiobjective set covering problem},
	Year = {2014}}

@inbook{ehrgott2008,
	Author = {Ehrgott, M. and Gandibleux, X.},
	Chapter = {Hybrid Metaheuristics for {M}ulti-objective {C}ombinatorial {O}ptimization},
	Date-Added = {2016-01-23 14:19:55 +0000},
	Date-Modified = {2016-01-23 14:22:31 +0000},
	Pages = {221-259},
	Publisher = {Springer},
	Series = {Studies in Computational Intelligence},
	Title = {Hybrid Metaheuristics},
	Volume = {114},
	Year = {2008}}

@article{ehrgott2004,
	Author = {Ehrgott, M. and Gandibleux, X.},
	Date-Added = {2016-01-23 14:11:44 +0000},
	Date-Modified = {2016-01-23 14:13:11 +0000},
	Journal = {{TOP} ({S}panish {J}ournal of {O}perations {R}esearch)},
	Number = {1},
	Pages = {1-63},
	Title = {Approximative solution methods for multiobjective combinatorial optimization},
	Volume = {12},
	Year = {2004}}

@article{jaszkiewicz2004,
	Author = {Jaszkiewicz, A.},
	Date-Added = {2016-01-22 23:23:51 +0000},
	Date-Modified = {2016-01-30 16:02:20 +0000},
	Journal = {Annals of Operations Research},
	Number = {1},
	Pages = {135-158},
	Title = {A comparative study of multiple-objective metaheuristics on the bi-objective set covering problem and the {P}areto memetic algorithm},
	Volume = {131},
	Year = {2004}}

@article{baghel2012,
	Author = {Baghel, M. and Agrawal, S. and Silakari, S.},
	Date-Added = {2016-01-22 16:00:42 +0000},
	Date-Modified = {2016-01-22 16:02:04 +0000},
	Journal = {International Journal of Computer Applications},
	Number = {19},
	Pages = {21-31},
	Title = {Survey of Metaheuristic Algorithms for Combinatorial Optimization},
	Volume = {58},
	Year = {2012}}

@article{lan2007,
	Author = {Lan, G. and DePuy, G.W. and Whitesouse, G.E.},
	Date-Added = {2016-01-22 15:55:37 +0000},
	Date-Modified = {2016-01-22 15:56:42 +0000},
	Journal = {European Journal of Operational Research},
	Number = {3},
	Pages = {1387-1403},
	Title = {An effective and simple heuristic for the set covering problem},
	Volume = {176},
	Year = {2007}}

@article{umetani2007,
	Author = {Umetani, S. and Yagiura, M.},
	Date-Added = {2016-01-22 15:46:32 +0000},
	Date-Modified = {2016-01-22 15:48:02 +0000},
	Journal = {Journal of the Operations Research Society of Japan},
	Number = {4},
	Pages = {350-375},
	Title = {Relaxation heuristics for the set covering problem},
	Volume = {50},
	Year = {2007}}

@article{beasley1987,
	Author = {Beasley, J.E.},
	Date-Added = {2016-01-22 00:34:52 +0000},
	Date-Modified = {2016-01-22 00:36:21 +0000},
	Journal = {European Journal of Operational Research},
	Number = {31},
	Pages = {85-93},
	Title = {An algorithm for set covering problem},
	Year = {1987}}

@article{balas1996,
	Author = {Balas, E. and Carrera, M.C.},
	Date-Added = {2016-01-22 00:30:08 +0000},
	Date-Modified = {2016-01-30 15:59:13 +0000},
	Journal = {Operations Research},
	Number = {6},
	Pages = {875-890},
	Title = {Dynamic subgradient-based branch-and-bound procedure for set covering},
	Volume = {44},
	Year = {1996}}

@article{feo1989,
	Author = {Feo, T.A. and Resende, M.G.C.},
	Date-Added = {2016-01-22 00:15:30 +0000},
	Date-Modified = {2016-01-30 16:00:47 +0000},
	Journal = {Operations Research Letters},
	Number = {2},
	Pages = {67-71},
	Title = {Probabilistic heuristic for a computationally difficult set covering problem},
	Volume = {8},
	Year = {1989}}

@inbook{karp1972,
	Author = {Karp, R.M.},
	Chapter = {Reducibility among combinatorial problems},
	Date-Added = {2016-01-22 00:11:29 +0000},
	Date-Modified = {2016-01-22 00:14:30 +0000},
	Editor = {Miller, R.E. and Thatcher, J.W.},
	Pages = {85-103},
	Publisher = {Plenum Press, New York, NY, USA,},
	Series = {The IBM Research Symposia Series},
	Title = {Complexity of Computer Computations},
	Year = {1972}}

@article{sharma2013,
	Author = {Sharma, M. and Yu, S.J.},
	Date-Added = {2016-01-21 01:44:40 +0000},
	Date-Modified = {2016-01-21 01:46:08 +0000},
	Journal = {OPSEARCH},
	Number = {1},
	Pages = {42-59},
	Title = {Selecting critical suppliers for supplier development to improve supply management},
	Volume = {50},
	Year = {2013}}

@article{ahmed2012,
	Author = {Ahmed, M. and Hendry, L.},
	Date-Added = {2016-01-21 01:41:18 +0000},
	Date-Modified = {2016-01-21 01:42:25 +0000},
	Journal = {International Journal of Engineering and Technology Innovation},
	Number = {4},
	Pages = {293-303},
	Title = {Supplier Development Literature Review and Key Future Research Areas},
	Volume = {2},
	Year = {2012}}

@article{krause1997,
	Author = {Krause, D. and Ellram, L.},
	Date-Added = {2016-01-21 01:12:35 +0000},
	Date-Modified = {2018-03-15 19:04:45 +0000},
	Journal = {International Journal of Physical Distribution \& Logistics Management},
	Number = {1},
	Pages = {39-52},
	Title = {Success factors in supplier development},
	Volume = {27},
	Year = {1997}}

@article{krause1998,
	Author = {Krause, D. and Handfield, R. and Scanell, T.},
	Date-Added = {2016-01-21 01:10:18 +0000},
	Date-Modified = {2018-03-15 19:05:01 +0000},
	Journal = {Journal of Operations Management},
	Pages = {39-58},
	Title = {An empirical investigation of supplier development: reactive and strategic processes},
	Volume = {17},
	Year = {1998}}

@article{hartley1996,
	Author = {Hartley, J. and Choi, T.},
	Date-Added = {2016-01-21 01:08:12 +0000},
	Date-Modified = {2016-01-21 01:09:31 +0000},
	Journal = {Business Horizons},
	Pages = {37-44},
	Title = {Supplier development: Customers as a catalyst of process change},
	Volume = {July-August},
	Year = {1996}}

@article{lukhoba2015,
	Author = {Lukhoba, E.J. and Muturi, W.},
	Date-Added = {2016-01-21 00:41:30 +0000},
	Date-Modified = {2016-01-21 23:25:43 +0000},
	Journal = {International Journal of Economics, Commerce and Management},
	Number = {11},
	Pages = {1146-1159},
	Title = {Effect of supplier development on supplier performance: a survey of food manufacturing companies in {K}isumu county},
	Volume = {III},
	Year = {2015}}

@article{abdullah2008,
	Author = {Abdullah, R. and Keshavlall, M. and Tatsuo, K.},
	Date-Added = {2016-01-21 00:36:52 +0000},
	Date-Modified = {2016-01-21 00:39:02 +0000},
	Journal = {International Journal of Economics and Management},
	Number = {1},
	Pages = {29-58},
	Title = {Supplier Development Framework in the {M}alaysian Automotive Industry: {P}roton's Experience},
	Volume = {2},
	Year = {2008}}

@article{pereira2014a,
	Author = {Pereira, J. and Crawford, B. and Paredes, F. and Soto, R.},
	Date-Added = {2015-12-12 00:34:49 +0000},
	Date-Modified = {2015-12-12 00:36:59 +0000},
	Journal = {Journal of Applied Mathematics},
	Pages = {8 pages},
	Title = {A Bicriteria Approach Identifying Nondominated Portfolios},
	Volume = {2014},
	Year = {2014}}

@article{bai2010,
	Author = {Bai, C. and Sarkis, J.},
	Date-Added = {2015-11-27 01:32:35 +0000},
	Date-Modified = {2015-11-27 01:33:29 +0000},
	Journal = {Journal of Cleaner Production},
	Number = {12},
	Pages = {1200-1210},
	Title = {Green supplier development: analytical evaluation using rough set theory},
	Volume = {18},
	Year = {2010}}

@article{wang2004,
	Author = {Wang, F-K. and Du, T.C. and Li, E.Y.},
	Date-Added = {2015-11-27 01:18:50 +0000},
	Date-Modified = {2015-11-27 01:20:48 +0000},
	Journal = {Total Quality Management},
	Number = {9-10},
	Pages = {1217-1229},
	Title = {Applying Six-Sigma to Supplier Development},
	Volume = {15},
	Year = {2004}}

@article{rezaei2015,
	Author = {Rezaei, J. and Wang, J. and Tavasszy, L},
	Date-Added = {2015-11-27 00:31:43 +0000},
	Date-Modified = {2018-03-15 19:08:26 +0000},
	Journal = {Expert Systems With Applications},
	Pages = {9152-9164},
	Title = {Linking supplier development to supplier segmentation using {B}est {W}orst {M}ethod},
	Volume = {42},
	Year = {2015}}

@article{chan2007,
	Author = {Chan, F.T.S. and Kumar, N.},
	Date-Added = {2015-11-27 00:15:08 +0000},
	Date-Modified = {2018-03-15 19:01:30 +0000},
	Journal = {Omega},
	Pages = {417-431},
	Title = {Global supplier development considering risk factors using fuzzy extended {AHP}-based approach},
	Volume = {35},
	Year = {2007}}

@article{govindan2010,
	Author = {Govindan, K. and Jannan, D. and Haq, N.},
	Date-Added = {2015-11-26 20:08:41 +0000},
	Date-Modified = {2015-11-27 00:42:17 +0000},
	Journal = {Industrial Management \& Data Systems},
	Number = {1},
	Pages = {43-62},
	Title = {Analysing supplier development criteria for an automobile industry},
	Volume = {110},
	Year = {2010}}

@phdthesis{noshad2013,
	Author = {Noshad, K.},
	Date-Added = {2015-11-26 19:56:04 +0000},
	Date-Modified = {2015-11-26 19:57:42 +0000},
	School = {Concordia Institute for Information Systems Engineering (CIISE), Concordia University},
	Title = {A multi - criteria framework for {S}upplier {Q}uality {D}evelopment},
	Year = {2013}}

@inproceedings{pereira2014,
	Address = {Barcelona},
	Author = {Pereira, J. and Paredes, F. and Lavin, C. and Contreras-Huerta, L.S. and Fuentes, C.},
	Booktitle = {20th Conference of The International Federation of Operational Research Societies},
	Date-Added = {2015-11-26 03:38:53 +0000},
	Date-Modified = {2015-11-26 03:42:26 +0000},
	Month = {13th-18th July},
	Title = {Simulation and experimental analysis of pull-type ordering methods},
	Year = {2014}}

@article{disney2003,
	Author = {Disney, S.M. and Towill, D.R.},
	Date-Added = {2015-11-24 00:14:42 +0000},
	Date-Modified = {2015-11-24 00:15:42 +0000},
	Journal = {International Journal of Production Economics},
	Number = {2},
	Pages = {199-215},
	Title = {The Effect of Vendor Managed Inventory (VMI) Dynamics on the Bullwhip Effect in Supply Chains},
	Volume = {85},
	Year = {2003}}

@article{katok2009,
	Author = {Katok, E. and Wu, D. Y.},
	Date-Added = {2015-07-14 11:17:21 +0000},
	Date-Modified = {2015-07-14 11:18:50 +0000},
	Journal = {Management Science},
	Number = {12},
	Pages = {1953-1968},
	Title = {Contracting in Supply Chains: A Laboratory Investigation,},
	Volume = {55},
	Year = {2009}}

@article{loch2008,
	Author = {Loch, C. and Wu, Y.},
	Date-Added = {2015-07-14 11:14:10 +0000},
	Date-Modified = {2015-07-14 11:15:32 +0000},
	Journal = {Management Science},
	Number = {11},
	Pages = {1835-1849},
	Title = {Social Preferences and Supply Chain Performance: An Experimental Study},
	Volume = {54},
	Year = {2008}}

@article{ren2013,
	Author = {Ren, Y. and Croson, R.},
	Date-Added = {2015-07-14 10:49:36 +0000},
	Date-Modified = {2015-07-14 10:50:43 +0000},
	Journal = {Management Science},
	Number = {11},
	Pages = {2502-2517},
	Title = {Overconfidence in newsvendor orders: An experimental study},
	Volume = {59},
	Year = {2013}}

@inbook{bolger1992,
	Author = {Bolger, F. and Wright, G.},
	Chapter = {Reliability and Validity in Expert Judgment},
	Date-Added = {2015-07-14 10:47:51 +0000},
	Date-Modified = {2015-07-14 10:49:32 +0000},
	Editor = {Wright, G. and Bolger, F.},
	Publisher = {Plenum Press},
	Title = {Expertise and Decision Support},
	Year = {1992}}

@inbook{allwood1999,
	Author = {Allwood, C. M. and Granhag, P. A.},
	Chapter = {Feelings of confidence and the realism of confidence judgments in everyday life},
	Date-Added = {2015-07-14 10:45:28 +0000},
	Date-Modified = {2015-07-14 10:47:35 +0000},
	Editor = {Juslin, P. and Montgomery, H.},
	Pages = {123-146},
	Publisher = {NJ: Lawrence Erlbaum},
	Title = {Judgment and decision making: Neo-Brunswikian and process-tracing approaches},
	Year = {1999}}

@article{biele2011,
	Author = {Biele, G. and Rieskamp, J. and Krugel, L. K. and Heekeren, H. R.},
	Date-Added = {2015-07-14 10:43:40 +0000},
	Date-Modified = {2015-07-14 10:45:06 +0000},
	Journal = {PLoS Biology},
	Number = {6},
	Pages = {e1001089},
	Title = {The neural basis of following advice},
	Volume = {9},
	Year = {2011}}

@inbook{hayes1993,
	Address = {Reno},
	Author = {Hayes, S. C.},
	Chapter = {Analytic goals and the varieties of scientific contextualism},
	Date-Added = {2015-07-13 20:22:54 +0000},
	Date-Modified = {2015-07-13 20:25:20 +0000},
	Editor = {Hayes, S. C. and Hayes, L. J. and Reese, H. W. and Sarbin, T. R.},
	Pages = {11-27},
	Publisher = {Context Press},
	Title = {Varieties of scientific contextualism},
	Year = {1993}}

@article{hayes1986,
	Author = {Hayes, S. C. and Brownstein, A. J. and Zettle, R. D. and Rosenfarb, I. and Korn, Z.},
	Date-Added = {2015-07-13 20:21:37 +0000},
	Date-Modified = {2015-07-13 20:22:40 +0000},
	Journal = {Journal of the Experimental Analysis of Behavior},
	Number = {3},
	Pages = {237-256},
	Title = {Rule-Governed Behavior and Sensitivity to Changing Consequences of Responding},
	Volume = {45},
	Year = {1986}}

@article{aukutsionek2001,
	Author = {Aukutsionek, S.P. and Belianin, A.V.},
	Date-Added = {2015-07-13 20:20:25 +0000},
	Date-Modified = {2015-07-13 20:21:25 +0000},
	Journal = {Journal of Economic Psychology},
	Number = {5},
	Pages = {661-692},
	Title = {Quality of forecasts and business performance: A survey study of Russian managers},
	Volume = {22},
	Year = {2001}}

@article{kahneman2009,
	Author = {Kahneman, D. and Klein, G.},
	Date-Added = {2015-07-13 20:19:01 +0000},
	Date-Modified = {2015-07-13 20:19:56 +0000},
	Journal = {American Psychologist},
	Number = {6},
	Pages = {515-526},
	Title = {Conditions for Intuitive Expertise A Failure to Disagree},
	Volume = {64},
	Year = {2009}}

@article{giannoccaro2002,
	Author = {Giannoccaro, I. and Pontrandolfo, P.},
	Date-Added = {2015-07-13 20:17:41 +0000},
	Date-Modified = {2015-07-13 20:18:57 +0000},
	Journal = {International Journal of Production Economics},
	Number = {2},
	Pages = {153-161},
	Title = {Inventory Management in Supply Chains: A Reinforcement Learning Approach},
	Volume = {78},
	Year = {2002}}

@article{cohen2007,
	Author = {Cohen, J. D. and McClure, S. M. and Yu, A. J.},
	Date-Added = {2015-07-13 20:16:03 +0000},
	Date-Modified = {2015-07-13 20:17:24 +0000},
	Journal = {Philosophical Transactions of the Royal Society of London},
	Number = {362},
	Pages = {933-942},
	Title = {Should I stay or should I go? How the human brain manages the trade-off between exploitation and exploration},
	Volume = {Series B, Biological Sciences},
	Year = {2007}}

@article{gupta2006,
	Author = {Gupta, A.K. and Smith, K.G. and Shalley, C.},
	Date-Added = {2015-07-13 20:13:12 +0000},
	Date-Modified = {2015-07-13 20:14:26 +0000},
	Journal = {Academy of Management Journal},
	Number = {49},
	Pages = {693-706},
	Title = {The interplay between exploration and exploitation},
	Year = {2006}}

@article{kunsch1989,
	Author = {K{\"u}nsch, H.},
	Date-Added = {2015-05-04 22:36:03 +0000},
	Date-Modified = {2015-05-04 22:37:31 +0000},
	Journal = {Annals of Statistics},
	Number = {17},
	Pages = {1217-1241},
	Title = {The Jackknife and the Bootstrap for General Stationary Observations},
	Year = {1989}}

@article{heath1998,
	Author = {Heath, Chip and Larrick, Richard P. and Klayman, Joshua},
	Date-Added = {2015-03-20 16:01:26 +0000},
	Date-Modified = {2015-03-20 16:07:25 +0000},
	Journal = {Review of Organizational Behavior},
	Pages = {1-37},
	Title = {Cognitive repairs: How organizational practices can compensate for individual shortcomings},
	Volume = {20},
	Year = {1998}}

@article{gino2008,
	Author = {Gino, Francesca and Pisano, Gary},
	Date-Added = {2014-12-29 13:47:23 +0000},
	Date-Modified = {2014-12-29 13:49:06 +0000},
	Journal = {Manufacturing \& Service Operations Management},
	Number = {4},
	Pages = {676-691},
	Title = {Toward a Theory of Behavioral Operations},
	Volume = {10},
	Year = {2008}}

@article{nienhaus2006,
	Author = {Nienhaus, Joerg and Ziegenbein, Arne and Duijts, Christoph},
	Date-Added = {2014-12-28 23:58:22 +0000},
	Date-Modified = {2014-12-29 13:51:12 +0000},
	Journal = {Production, Planning and Control},
	Number = {6},
	Pages = {547-557},
	Title = {How human behaviour amplifies the bullwhip effect -- a study based on the beer distribution game online},
	Volume = {17},
	Year = {2006}}

@techreport{R7,
	Author = {Wu, S. and Meixell, M.},
	Date-Added = {2014-05-17 22:08:24 +0000},
	Date-Modified = {2014-05-18 14:53:33 +0000},
	Institution = {IMSE , Lehigh University},
	Number = {98T-007},
	Title = {Relating demand behavior and production policies in the manufacturing supply chain},
	Year = {1998}}

@article{wu2006,
	Author = {Wu, D. Y. and Katok, E.},
	Date-Added = {2014-05-17 22:07:26 +0000},
	Date-Modified = {2014-05-18 14:51:42 +0000},
	Journal = {Journal of Operations Management},
	Number = {6},
	Pages = {839-850},
	Title = {Learning, communication, and the bullwhip effect},
	Volume = {24},
	Year = {2006}}

@article{R6,
	Author = {Warburton, R.},
	Date-Added = {2014-05-17 22:06:36 +0000},
	Date-Modified = {2014-05-17 22:07:24 +0000},
	Journal = {Production and Operations Management},
	Number = {2},
	Pages = {150-160},
	Title = {An analytical investigation of the bullwhip effect},
	Volume = {13},
	Year = {2004}}

@article{tversky1974,
	Author = {Tversky, A. and Kahneman, D.},
	Date-Added = {2014-05-17 22:05:36 +0000},
	Date-Modified = {2014-05-18 15:09:24 +0000},
	Journal = {Science},
	Number = {185},
	Pages = {1124-1131},
	Title = {Judgment under Uncertainty: Heuristics and Biases},
	Year = {1974}}

@article{tversky81,
	Author = {Tversky, A. and Kahneman, D.},
	Date-Added = {2014-05-17 22:04:34 +0000},
	Date-Modified = {2014-05-17 22:05:32 +0000},
	Journal = {Science},
	Number = {4481},
	Pages = {453-458},
	Title = {The Framing of Decisions and the Psychology of Choice},
	Volume = {211},
	Year = {1981}}

@inbook{R11,
	Author = {Takahashi, K. and Myreshka},
	Chapter = {The bullwhip effect and its suppression in supply chain management},
	Date-Added = {2014-05-17 22:03:17 +0000},
	Date-Modified = {2014-05-18 14:54:24 +0000},
	Editor = {H.~Dyckhoff, R.~L., Reese, J.},
	Pages = {245-266},
	Publisher = {Springer},
	Title = {Supply Chain Management and Reverse Logistics},
	Year = {2004}}

@article{R5,
	Author = {Takahashi, K. and Hiraki, S. and Soshiroda, M.},
	Date-Added = {2014-05-17 22:02:23 +0000},
	Date-Modified = {2014-05-18 14:50:22 +0000},
	Journal = {International Journal of Production Research},
	Number = {7},
	Pages = {1739-1752},
	Title = {Flexibility of production ordering systems},
	Volume = {32},
	Year = {1994}}

@techreport{sterman1991,
	Author = {Sterman, J. D. and Mosekilde, E. and Thomsen, J.S.},
	Date-Added = {2014-05-17 22:01:03 +0000},
	Date-Modified = {2014-05-18 14:49:23 +0000},
	Institution = {MIT Sloan School of Management},
	Number = {BPS-3241-91},
	Title = {Experimental evidence of deterministic chaos in human decision making behaviour},
	Year = {1991}}

@article{sterman1989,
	Author = {Sterman, J.},
	Date-Added = {2014-05-17 22:00:00 +0000},
	Date-Modified = {2014-05-17 22:01:02 +0000},
	Journal = {Management Science},
	Number = {3},
	Pages = {321-339},
	Title = {Modeling Managerial Behavior: Misperceptions of Feedback in a Dynamic Decision Making Experiment},
	Volume = {35},
	Year = {1989}}

@inbook{sterman2006,
	Author = {Sterman, J.},
	Chapter = {Operational and behavioral causes of supply chain instability},
	Date-Added = {2014-05-17 21:55:54 +0000},
	Date-Modified = {2014-05-17 21:59:52 +0000},
	Editor = {O. Carranza and F. Villegas,},
	Publisher = {Palgrave McMillan},
	Title = {The Bullwhip Effect in supply chains: a review of methods, components and cases},
	Year = {2006}}

@article{steckel2004,
	Author = {Steckel, J. H. and Gupta, S. and Banerji, A.},
	Date-Added = {2014-05-17 21:54:54 +0000},
	Date-Modified = {2014-05-18 14:54:17 +0000},
	Journal = {Management Science},
	Number = {4},
	Pages = {458-464},
	Title = {Supply chain decision making: Will shorter cycle times and shared point-of-sale information necessarily help?},
	Volume = {50},
	Year = {2004}}

@article{simon,
	Author = {Simon, H.},
	Date-Added = {2014-05-17 21:54:10 +0000},
	Date-Modified = {2014-05-17 21:54:53 +0000},
	Journal = {Quarterly Journal of Economics},
	Number = {1},
	Pages = {99-118},
	Title = {A Behavioral Model of Rational Choice},
	Volume = {69},
	Year = {1955}}

@article{sanfey2007,
	Author = {Sanfey, A.},
	Date-Added = {2014-05-17 21:51:14 +0000},
	Date-Modified = {2014-05-17 21:52:14 +0000},
	Journal = {Science},
	Number = {318},
	Pages = {598-602},
	Title = {Social Decision-Making: Insights from Game Theory and Neuroscience},
	Year = {2007}}

@article{R3,
	Author = {Muramatsu, R. and Ishi, K. and Takahashi, K.},
	Date-Added = {2014-05-17 21:49:17 +0000},
	Date-Modified = {2014-05-18 14:53:57 +0000},
	Journal = {International Journal of Production Research},
	Number = {4},
	Pages = {691-703},
	Title = {Some ways to increase flexibility in manufacturing systems},
	Volume = {23},
	Year = {1985}}

@inproceedings{pomerol,
	Author = {Pomerol, J.C. and Adam, F.},
	Booktitle = {Decision Support in an Uncertain and Complex World: The IFIP TC8/WG8.3 International Conference},
	Date-Added = {2014-05-17 21:46:10 +0000},
	Date-Modified = {2014-05-18 14:53:06 +0000},
	Title = {Practical Decision Making - From the Legacy of Herbert Simon to Decision Support Systems},
	Year = {2004}}

@inproceedings{pereira2001,
	Address = {Roterdam, Netherlands},
	Author = {Pereira, J. and Rivas, M.},
	Booktitle = {Proceedings of EURO 2001},
	Date-Added = {2014-05-17 21:44:59 +0000},
	Date-Modified = {2014-05-18 14:46:56 +0000},
	Title = {A multicriteria analysis of five ordering methods under high- variability and normal demand processes},
	Year = {2001}}

@inproceedings{pereira2013,
	Address = {Concepci\'on, Chile},
	Author = {Pereira, J. and Fuenzalida, R. and Paredes, F. and Fuentes, C.},
	Booktitle = {Proceedings of OPTIMA 2013},
	Date-Added = {2014-05-17 21:42:35 +0000},
	Date-Modified = {2014-05-18 14:52:30 +0000},
	Month = {October},
	Title = {Multicriteria performance evaluation of ordering methods},
	Year = {2013}}

@inbook{pereira2011,
	Author = {Pereira, J. and Ahumada, L. and Paredes, F.},
	Chapter = {Bullwhip-Effect and Flexibility in Supply Chain Management},
	Date-Added = {2014-05-17 21:39:51 +0000},
	Date-Modified = {2014-05-18 14:54:08 +0000},
	Editor = {Dilek Onkal},
	Publisher = {Intech Open Acces Publisher},
	Title = {Supply Chain},
	Year = {2011}}

@article{R24,
	Author = {Pereira, J. and Takahashi, K. and Ahumada, L. and Paredes, F.},
	Date-Added = {2014-05-17 21:38:42 +0000},
	Date-Modified = {2014-05-18 14:49:41 +0000},
	Journal = {International Journal of Production Research},
	Number = {22},
	Pages = {6357-6374},
	Title = {Flexibility dimensions to control bullwhip-effect in a supply chain},
	Volume = {47},
	Year = {2009}}

@article{R23,
	Author = {Pereira, J. and Paulre, B.},
	Date-Added = {2014-05-17 21:37:42 +0000},
	Date-Modified = {2014-05-18 14:50:11 +0000},
	Journal = {uropean Journal of Operational Research},
	Number = {1},
	Pages = {70-85},
	Title = {Flexibility in manufacturing systems: a relational and a dynamic approach},
	Volume = {130},
	Year = {2001}}

@inproceedings{R12,
	Address = {Wellington, New Zealand},
	Author = {Pereira, J.},
	Booktitle = {17th International Conference of the System Dynamics Society and the 5th Australian and New Zealand Systems Conference},
	Date-Added = {2014-05-17 21:35:12 +0000},
	Date-Modified = {2014-12-30 22:21:45 +0000},
	Editor = {Cavana, R. and Vennix, J. and Rouwette, E. and Stevenson-Wright, M. and Candlish, J.},
	Organization = {System Dynamics Society},
	Pages = {63-75},
	Title = {Flexibility in manufacturing processes: a relational, dynamic and multidimensional approach},
	Year = {1999}}

@phdthesis{R25,
	Author = {Pereira, J.},
	Date-Added = {2014-05-17 21:33:27 +0000},
	Date-Modified = {2014-05-17 21:34:42 +0000},
	Month = {October},
	School = {Universit\'e Paris-Dauphine, France},
	Title = {Flexibilit\'{e} dans les syst\`{e}mes de production: analyse et \'{e}valuation par simulation},
	Year = {1995}}

@inproceedings{Oliva,
	Author = {Oliva, R. and Gon{\c c}alves,P.},
	Booktitle = {Proceedings of International System Dynamics Conference},
	Date-Added = {2014-05-17 21:00:33 +0000},
	Date-Modified = {2014-12-28 23:53:45 +0000},
	Month = {July},
	Title = {Behavioral Causes of Demand Amplification in Supply Chains: ``Satisficing'' Policies with Limited Information Cues},
	Year = {2005}}

@article{martinez2007,
	Author = {Martinez-Selva, J. M. and Sanchez-Navarro, J. P. and Bechara, A. and Roman, F.},
	Date-Added = {2014-05-17 20:58:58 +0000},
	Date-Modified = {2014-05-18 14:48:48 +0000},
	Journal = {Rev Neurol.},
	Number = {7},
	Pages = {411-418},
	Title = {Brain mechanisms involved in decision-making},
	Volume = {42},
	Year = {2007}}

@article{R2,
	Author = {Lee, H. and So, K. and Tang, C.},
	Date-Added = {2014-05-17 20:54:32 +0000},
	Date-Modified = {2014-05-18 14:54:48 +0000},
	Journal = {Management Science},
	Number = {5},
	Pages = {626-643},
	Title = {The value of information sharing in a two-level supply chain},
	Volume = {46},
	Year = {2000}}

@article{R8,
	Author = {Lee, H. and Padmanabhan, P. and Whang, S.},
	Date-Added = {2014-05-17 20:52:06 +0000},
	Date-Modified = {2014-05-18 14:51:03 +0000},
	Journal = {Management Science},
	Number = {4},
	Pages = {546-558},
	Title = {Information distortion in a supply chain: the bullwhip-effect},
	Volume = {43},
	Year = {1997}}

@article{kahneman1979,
	Author = {Kahneman, D. and Tversky, A.},
	Date-Added = {2014-05-17 20:49:50 +0000},
	Date-Modified = {2014-05-18 14:53:12 +0000},
	Journal = {Econometrica},
	Number = {2},
	Pages = {263-291},
	Title = {Prospect Theory: An Analysis of Decisions under Risk},
	Volume = {47},
	Year = {1979}}

@inbook{kahneman2002,
	Author = {Kahneman, D. and Frederick, S.},
	Chapter = {Representativeness Revisited: Attribute Substitution in Intuitive Judgment},
	Date-Added = {2014-05-17 20:47:07 +0000},
	Date-Modified = {2014-05-18 14:50:38 +0000},
	Editor = {Gilovich, T; Griffin, D; Kahneman, D.},
	Pages = {49-81},
	Publisher = {Cambridge University Press},
	Title = {Heuristics and biases: The psychology of intuitive thought},
	Year = {2002}}

@article{kahneman2003,
	Author = {Kahneman, D.},
	Date-Added = {2014-05-17 20:38:34 +0000},
	Date-Modified = {2014-05-18 14:51:51 +0000},
	Journal = {The American Economic Review},
	Number = {5},
	Pages = {1449-1475},
	Title = {Maps of Bounded Rationality: Psychology for Behavioral Economics},
	Volume = {93},
	Year = {2003}}

@article{hewig2011,
	Author = {Hewig, J. and Kretschmer, N. and Trippe, R. H. and Hecht, H. and Coles, M. G. and Holroyd, C. B.},
	Date-Added = {2014-05-17 20:37:12 +0000},
	Date-Modified = {2015-03-20 15:54:32 +0000},
	Journal = {Psychophysiology},
	Number = {48},
	Pages = {507-514},
	Title = {Why humans deviate from rational choice},
	Year = {2011}}

@article{R10,
	Author = {Geary, D. and Disney, S. and Towill, D.R.},
	Date-Added = {2014-05-17 14:27:39 +0000},
	Date-Modified = {2014-05-18 14:52:41 +0000},
	Journal = {International Journal of Production Research},
	Number = {1},
	Pages = {2-18},
	Title = {On bullwhip in supply chains - historical review, present practice and expected future impact},
	Volume = {101},
	Year = {2006}}

@book{forrester,
	Address = {Cambridge, MA, USA},
	Author = {Forrester, J.},
	Date-Added = {2014-05-17 14:22:39 +0000},
	Date-Modified = {2014-05-17 14:27:32 +0000},
	Publisher = {The MIT Press},
	Title = {Industrial dynamics},
	Year = {1969}}

@article{croson2013,
	Author = {Croson, R. and Donohue, K. and Katok, E. and Sterman, J.},
	Date-Added = {2014-05-16 20:08:19 +0000},
	Date-Modified = {2014-05-18 14:52:57 +0000},
	Journal = {Production and Operations Management},
	Number = {2},
	Pages = {176-196},
	Title = {Order stability in supply chains: Coordination risk and the role of coordination stock},
	Volume = {23},
	Year = {2013}}

@article{croson2003,
	Author = {Croson, R. and Donohue, K.},
	Date-Added = {2014-05-16 20:04:42 +0000},
	Date-Modified = {2014-05-18 14:50:46 +0000},
	Journal = {Production and Operations management},
	Number = {1},
	Pages = {1-11},
	Title = {Impact of POS data sharing on supply chain management: an experimental study},
	Volume = {12},
	Year = {2003}}

@article{croson2005,
	Author = {Croson, R. and Donohue, K.},
	Date-Added = {2014-05-16 20:03:35 +0000},
	Date-Modified = {2014-05-18 14:54:55 +0000},
	Journal = {System Dynamics Review},
	Number = {3},
	Pages = {249-260},
	Title = {Upstream versus downstream information and its impact on the bullwhip effect},
	Volume = {21},
	Year = {2005}}

@article{croson2006,
	Author = {Croson, R. and Donohue, K.},
	Date-Added = {2014-05-16 20:02:30 +0000},
	Date-Modified = {2014-05-18 14:48:20 +0000},
	Journal = {Management Science},
	Number = {3},
	Pages = {323-336},
	Title = {Behavioral causes of the bullwhip effect and the observed value of inventory information},
	Volume = {52},
	Year = {2006}}

@article{R9,
	Author = {Chen, F. and Drezner, Z. and Ryan, J. and Simchi-Levi, D.},
	Date-Added = {2014-05-16 20:01:22 +0000},
	Date-Modified = {2014-05-18 14:53:26 +0000},
	Journal = {Management Science},
	Number = {3},
	Pages = {436-443},
	Title = {Quantifying the bullwhip effect in a simple supply chain: The impact of forecasting, lead times, and information},
	Volume = {46},
	Year = {2000}}

@book{bouyssou,
	Author = {Bouyssou, D. and Marchant, T. and Pirlot, M. and Perny, P. and Tsoukias, A. and Vincke, P.},
	Date-Added = {2014-05-16 19:59:18 +0000},
	Date-Modified = {2014-05-18 14:49:12 +0000},
	Publisher = {Springer-Verlag},
	Series = {International Series in Operations Research \& Management Science},
	Title = {Evaluation and Decision Models},
	Volume = {32},
	Year = {2006}}

@article{bechara1994,
	Author = {Bechara, A. and Damasio, A. R. and Damasio, H. and Anderson, S.W.},
	Date-Added = {2014-05-16 19:54:40 +0000},
	Date-Modified = {2014-05-18 14:51:24 +0000},
	Journal = {Cognition},
	Number = {50},
	Pages = {7-15},
	Title = {Insensitivity to future consequences following damage to human prefrontal cortex},
	Year = {1994}}
