%% This BibTeX bibliography file was created using BibDesk.
%% https://bibdesk.sourceforge.io/

%% Created for Javier Pereira Retamales at 2019-10-16 21:43:44 -0300 


%% Saved with string encoding Unicode (UTF-8) 



@phdthesis{Olteanu2013,
	Author = {Olteanu, A-L.},
	Date-Added = {2019-10-16 21:42:12 -0300},
	Date-Modified = {2019-10-16 21:43:44 -0300},
	School = {Operations Research [cs.RO]. T{\'e}l{\'e}com Bretagne, Universit{\'e} de Bretagne Occidentale},
	Title = {On clustering in multiple criteria decision aid: Theory and applications},
	Year = {2013}}

@article{Xu2014,
	Author = {Xu, J. and Shen, F.},
	Date-Added = {2019-09-11 12:56:57 -0300},
	Date-Modified = {2019-09-11 12:57:42 -0300},
	Journal = {Knowledge-Based Systems},
	Pages = {177-188},
	Title = {A new outranking choice method for group decision making under {A}tanassov's interval-valued intuitionistic fuzzy environment},
	Volume = {70},
	Year = {2014}}

@article{Shen2016,
	Author = {Shen, F. and Xu, J. and Xu, Z.},
	Date-Added = {2019-09-11 12:38:45 -0300},
	Date-Modified = {2019-09-11 12:39:55 -0300},
	Journal = {Information Sciences},
	Pages = {338-353},
	Title = {An outranking sorting method for multi-criteria group decision making using intuitionistic fuzzy sets},
	Volume = {334-335},
	Year = {2016}}

@article{Cali2019,
	Author = {\c{C}ali, S. and Balaman, S.Y.},
	Date-Added = {2019-09-11 12:28:38 -0300},
	Date-Modified = {2019-09-11 12:29:54 -0300},
	Journal = {Expert Systems with Applications},
	Pages = {36-50},
	Title = {A novel outranking based multi criteria group decision making methodology integrating {ELECTRE and VIKOR} under intuitionistic fuzzy environment},
	Volume = {119},
	Year = {2019}}

@article{Vahdani2013,
	Author = {Vahdani, B. and Mousavi, S.M. and Tavakkoli-Moghaddam, R. and Hashemi, H.},
	Date-Added = {2019-09-11 12:13:22 -0300},
	Date-Modified = {2019-09-11 12:14:36 -0300},
	Journal = {Applied Mathematical Modelling},
	Pages = {1781-1799},
	Title = {A new design of the elimination and choice translating reality method for multi-criteria group decision-making in an intuitionistic fuzzy environment},
	Volume = {37},
	Year = {2013}}

@article{Ishizaka2017,
	Author = {Ishizaka, A. and Gordon, M.},
	Date-Added = {2019-09-11 11:38:59 -0300},
	Date-Modified = {2019-09-11 11:40:02 -0300},
	Journal = {Journal of the Operational Research Society},
	Number = {1},
	Pages = {53-61},
	Title = {{MACBETHSort}: a multiple criteria decision aid procedure for sorting strategic products},
	Volume = {68},
	Year = {2017}}

@article{Hernandez-Perdomo2017,
	Author = {Hernandez-Perdomo, E. and Mun, J. and Rocco, C.M.},
	Date-Added = {2019-09-10 12:32:12 -0300},
	Date-Modified = {2019-09-10 12:33:18 -0300},
	Journal = {Applied Energy},
	Pages = {487-502},
	Title = {Active management in state-owned energy companies: Integrating a real options approach into multicriteria analysis to make companies sustainable},
	Volume = {195},
	Year = {2017}}

@article{Kaya2010,
	Author = {Kaya, T. and Kahraman, C.},
	Date-Added = {2019-09-09 15:12:22 -0300},
	Date-Modified = {2019-09-09 15:13:24 -0300},
	Journal = {Energy},
	Pages = {2517-2527},
	Title = {Multicriteria renewable energy planning using an integrated fuzzy {VIKOR \& AHP} methodology: The case of {I}stanbul},
	Volume = {35},
	Year = {2010}}

@article{Lee2018,
	Author = {Lee, H-C and Chang, C-T},
	Date-Added = {2019-09-09 13:58:39 -0300},
	Date-Modified = {2019-09-09 13:59:55 -0300},
	Journal = {Renewable and Sustainable Energy Reviews},
	Pages = {883-896},
	Title = {Comparative analysis of {MCDM} methods for ranking renewable energy sources in {Taiwan}},
	Volume = {92},
	Year = {2018}}

@article{Shimray2017,
	Author = {Shimray, B.A. and Singh, K.M. and Mehta, R.K.},
	Date-Added = {2019-09-09 13:21:26 -0300},
	Date-Modified = {2019-09-09 13:23:02 -0300},
	Journal = {International Journal of Computer},
	Number = {1},
	Pages = {124-140},
	Title = {A survey of {Multi-Criteria Decision Making} Technique used in Renewable Energy Planning},
	Volume = {25},
	Year = {2017}}

@article{Siksnelyte2018,
	Author = {Siksnelyte, I. and Zavadskas, E.K. and Streimikiene, D. and Sharma, D.},
	Date-Added = {2019-09-09 13:15:20 -0300},
	Date-Modified = {2019-09-09 13:17:22 -0300},
	Journal = {Energies},
	Number = {2754},
	Pages = {doi:10.3390/en11102754},
	Title = {An Overview of {Multi-Criteria Decision-Making} Methods in Dealing with Sustainable Energy Development Issues},
	Volume = {11},
	Year = {2018}}

@article{Kumar2017,
	Author = {Kumar, A. and Sah, B. and Singh, A.R. and Deng, Y. and He, X. and Kumar, P. and Bansal, R.C.},
	Date-Added = {2019-09-09 13:11:42 -0300},
	Date-Modified = {2019-09-09 13:13:12 -0300},
	Journal = {Renewable and Sustainable Energy Reviews},
	Pages = {596-609},
	Title = {A review of multi criteria decision making {(MCDM)} towards sustainable renewable energy development},
	Volume = {69},
	Year = {2017}}

@article{Atici2011,
	Author = {Atici, K.B. and Ulucan, A.},
	Date-Added = {2019-09-04 16:22:57 -0400},
	Date-Modified = {2019-09-04 16:24:29 -0400},
	Journal = {Technological and Economic Development of Economy},
	Number = {2},
	Pages = {219-245},
	Title = {A multiple criteria energy decision support system},
	Volume = {17},
	Year = {2011}}

@article{Zhou2006,
	Author = {Zhou, P. and Ang, B.W. and Poh, K.L.},
	Date-Added = {2019-09-04 16:06:07 -0400},
	Date-Modified = {2019-09-04 16:07:31 -0400},
	Journal = {Energy},
	Pages = {2604-2622},
	Title = {Decision analysis in energy and environmental modeling: An update},
	Volume = {31},
	Year = {2006}}

@article{Alexandros2004,
	Author = {Alexandros, F. and Kostas, A. and Haris, D. and Goletsis, Y. and Psarras, J.},
	Date-Added = {2019-06-26 12:00:35 -0400},
	Date-Modified = {2019-06-26 12:02:40 -0400},
	Journal = {Operational Research. An International Journal},
	Number = {2},
	Pages = {119-145},
	Title = {Application of the {IDEA-AM} (Integrated Development and Environmental Additionality - Assessment Methodology) to compare 12 real projects from the {M}editerranean region},
	Volume = {4},
	Year = {2004}}

@article{Marques2010,
	Author = {Marques, G. and Gourc, D. and Lauras, M.},
	Date-Added = {2019-06-26 11:58:19 -0400},
	Date-Modified = {2019-06-26 11:59:36 -0400},
	Journal = {International Journal of Project Management},
	Pages = {1057-1069},
	Title = {Multi-criteria performance analysis for decision making in project management},
	Volume = {29},
	Year = {2010}}

@article{Goletsis2003,
	Author = {Goletsis, Y. and Psarras, J. and Samouilidis, J-E},
	Date-Added = {2019-06-26 11:50:08 -0400},
	Date-Modified = {2019-06-26 11:51:32 -0400},
	Journal = {Annals of Operations Research},
	Pages = {135-157},
	Title = {Project Ranking in the Armenian Energy Sector Using a Multicriteria Method for Groups},
	Volume = {120},
	Year = {2003}}

@article{Polatidis2015,
	Author = {Polatidis, H. and Haralambidou, K. and Haralambopoulos, D.},
	Date-Added = {2019-06-26 11:45:19 -0400},
	Date-Modified = {2019-06-26 11:47:43 -0400},
	Journal = {Energy Sources, Part B},
	Number = {3},
	Pages = {241-249},
	Title = {Multi-criteria Decision Analysis for Geothermal Energy: A Comparison Between the {ELECTRE III} and the {PROMETHEE II} Methods},
	Volume = {10},
	Year = {2015}}

@article{Buchanan2007,
	Author = {Buchanan, J. and Vanderpooten, D.},
	Date-Added = {2019-06-26 11:42:29 -0400},
	Date-Modified = {2019-06-26 11:44:30 -0400},
	Journal = {International Transactions in Operational Research},
	Pages = {309-323},
	Title = {Ranking projects for an electricity utility using {ELECTRE III}},
	Volume = {14},
	Year = {2007}}

@article{Pamucar2017,
	Author = {Pamucar, D. and Bozanic, D. and Randelovic, A.},
	Date-Added = {2019-05-02 17:05:06 -0400},
	Date-Modified = {2019-05-02 17:06:10 -0400},
	Journal = {Serbian Journal of Management},
	Number = {1},
	Pages = {1-27},
	Title = {Multi-criteria decision making: An example of sensitivity analysis},
	Volume = {12},
	Year = {2017}}

@article{Mukhametzyanov2018,
	Author = {Mukhametzyanov, I. and Pamucar, D.},
	Date-Added = {2019-05-02 17:02:06 -0400},
	Date-Modified = {2019-05-02 17:03:41 -0400},
	Journal = {Decision Making: Applications in Management and Engineering},
	Number = {2},
	Pages = {51-80},
	Title = {A sensitivity analysis in {MCDM} problems: A statistical approach},
	Volume = {1},
	Year = {2018}}

@inbook{Aissi2010,
	Author = {Aissi, H. and Roy, B.},
	Chapter = {Robustness in multi-criteria decision aiding},
	Date-Added = {2019-05-02 16:06:52 -0400},
	Date-Modified = {2019-05-02 16:08:15 -0400},
	Editor = {Ehrgott, M. and Figueira, J. R. and Greco, S.},
	Pages = {87-121},
	Publisher = {Springer},
	Title = {Trends in Multiple Criteria Decision Analysis},
	Year = {2010}}

@article{Wallenius2008,
	Author = {Wallenius, J. and Dyer, J. S. and Fishburn, P. C. and Steuer, R. E. and Zionts, S. and Deb, K.},
	Date-Added = {2019-05-02 16:04:40 -0400},
	Date-Modified = {2019-05-02 16:06:48 -0400},
	Journal = {Management Science},
	Number = {7},
	Pages = {1336-1349},
	Title = {Multiple criteria decision making, multiattribute utility theory: recent accomplishments and what lies ahead},
	Volume = {54},
	Year = {2008}}

@article{Peng2014,
	Author = {Peng, J. and Wang, J-q. and Zhang, H-y. and Chen, X-h.},
	Date-Added = {2019-05-01 18:27:23 -0400},
	Date-Modified = {2019-05-01 18:27:23 -0400},
	Journal = {Applied Soft Computing},
	Pages = {336-346},
	Title = {An outranking approach for multi-criteria decision-making problems with simplified neutrosophic sets},
	Volume = {25},
	Year = {2014}}

@article{Danesh2018,
	Author = {Danesh, D. and Ryan, M.J. and Abbasi, A.},
	Date-Added = {2019-04-30 13:13:00 -0400},
	Date-Modified = {2019-04-30 13:13:00 -0400},
	Journal = {International Journal of Management and Decision Making},
	Number = {1},
	Pages = {75-94},
	Title = {Multi-criteria decision-making methods for project portfolio management: a literature review},
	Volume = {17},
	Year = {2018}}

@article{Pamucar2018,
	Author = {Pamucar, D. and Bozanic, D. and Lukovac, V. and Komazec, N.},
	Date-Added = {2019-04-30 11:03:51 -0400},
	Date-Modified = {2019-04-30 11:05:24 -0400},
	Journal = {Mechanical Engineering},
	Number = {2},
	Pages = {171-191},
	Title = {Normalized weighted geometric {B}onferroni mean operator of interval rough numbers -- application in interval rough {DEMATEL-COPRAS} model},
	Volume = {16},
	Year = {2018}}

@article{Veskovic2018,
	Author = {Veskovic, S. and Stevic, Z. and Stojic, G. and Vasiljevic, M. and Milinkovic, S.},
	Date-Added = {2019-04-30 10:52:41 -0400},
	Date-Modified = {2019-04-30 11:01:18 -0400},
	Journal = {Decision Making: Applications in Management and Engineering},
	Number = {2},
	Pages = {34-50},
	Title = {Evaluation of the railway management model by using a new integrated model {DELPHI-SWARA-MABAC }},
	Volume = {1},
	Year = {2018}}

@article{Badi2018,
	Author = {Badi, I. and Abdulshahed, A. and Shetwan, A.},
	Date-Added = {2019-04-30 10:47:58 -0400},
	Date-Modified = {2019-04-30 10:50:52 -0400},
	Journal = {Decision Making: Applications in Management and Engineering},
	Number = {1},
	Pages = {1-12},
	Title = {A case study of supplier selection for a steelmaking company in Libya by using the {COmbinative Distance-based ASsessment (CODAS)} model},
	Volume = {1},
	Year = {2018}}

@article{Almeida2012,
	Author = {Almeida-Dias, J. and Figueira, J. and Roy, B.},
	Date-Added = {2018-11-08 23:40:29 -0300},
	Date-Modified = {2019-05-13 20:23:44 -0400},
	Journal = {European Journal of Operational Research},
	Number = {3},
	Pages = {567-579},
	Title = {A multiple criteria sorting method where each category is characterized by several reference actions: The {Electre Tri-nC} method},
	Volume = {217},
	Year = {2012}}

@article{Fernandez2017,
	Author = {Fern\'andez, E. and Figueira, J. and Navarro, J. and Roy, B.},
	Date-Added = {2018-11-08 23:37:35 -0300},
	Date-Modified = {2018-11-08 23:39:03 -0300},
	Journal = {European Journal of Operational Research},
	Pages = {214-224},
	Title = {{ELECTRE TRI-nB}: A new multiple criteria ordinal classification method},
	Volume = {263},
	Year = {2017}}

@article{Onar2014,
	Author = {Onar, S. and Oztaysi, B. and Kahraman, C.},
	Date-Added = {2018-10-31 12:31:35 -0300},
	Date-Modified = {2018-10-31 12:33:21 -0300},
	Journal = {International Journal of Computational Intelligence Systems},
	Number = {5},
	Pages = {1002-1021},
	Title = {Strategic Decision Selection Using Hesitant fuzzy {TOPSIS} and Interval Type-2 Fuzzy {AHP}: A case study},
	Volume = {7},
	Year = {2014}}

@article{Ban2011,
	Author = {Ban, A. and Br\^andas, A. and Coroianu, L. and Negrutiu, C. and Nica, O.},
	Date-Added = {2018-09-20 16:30:11 +0000},
	Date-Modified = {2018-09-20 16:31:50 +0000},
	Journal = {Computers and Mathematics with Applications},
	Pages = {1379-1401},
	Title = {Approximations of fuzzy numbers by trapezoidal fuzzy numbers preserving the ambiguity and value},
	Volume = {61},
	Year = {2011}}

@article{Faizi2018,
	Author = {Faizi, S. and Rashid, T. and Salabun, W. and Zafar, S. and Watrobski, J.},
	Date-Added = {2018-10-31 12:26:43 -0300},
	Date-Modified = {2018-10-31 12:28:40 -0300},
	Journal = {International Journal of Fuzzy Systems},
	Number = {1},
	Pages = {93-103},
	Title = {Decision Making with Uncertainty Using Hesitant Fuzzy Sets},
	Volume = {20},
	Year = {2018}}

@article{Torra2010,
	Author = {Torra, V.},
	Date-Added = {2018-10-31 12:21:52 -0300},
	Date-Modified = {2018-10-31 12:23:01 -0300},
	Journal = {International Journal of Intelligent Systems},
	Pages = {529-539},
	Title = {Hesitant Fuzzy Sets},
	Volume = {25},
	Year = {2010}}

@article{Dong2017,
	Author = {Dong, J. and Yuan, F. and Wan, S.},
	Date-Added = {2018-10-31 12:19:08 -0300},
	Date-Modified = {2018-10-31 12:20:10 -0300},
	Journal = {Computers \& Industrial Engineering},
	Pages = {305-319},
	Title = {Extended {VIKOR} method for multiple criteria decision-making with linguistic hesitant fuzzy information},
	Volume = {112},
	Year = {2017}}

@article{Yu2017,
	Author = {Yu, W. and Zhang, Z. and Zhong, Q. and Sun, L.},
	Date-Added = {2018-10-31 12:16:44 -0300},
	Date-Modified = {2018-10-31 12:18:37 -0300},
	Journal = {Computers \& Industrial Engineering},
	Pages = {316-328},
	Title = {Extended {TODIM} for multi-criteria group decision making based on unbalanced hesitant fuzzy linguistic term sets},
	Volume = {114},
	Year = {2017}}

@article{Mahmoudi2016,
	Author = {Mahmoudi, A. and Sadi-Nezhad, S. and Makui, A. and Vakili, M.R.},
	Date-Added = {2018-10-31 12:04:22 -0300},
	Date-Modified = {2018-10-31 12:06:09 -0300},
	Journal = {Kybernetes},
	Number = {8},
	Pages = {1213-1231},
	Title = {An extension on {PROMETHEE} based on the typical hesitant fuzzy sets to solve multi-attribute decision-making problem},
	Volume = {45},
	Year = {2016}}

@article{Galo2018,
	Author = {Galo, N.R. and Calache, L.D. and Carpinetti, L.C.R.},
	Date-Added = {2018-08-12 01:04:23 +0000},
	Date-Modified = {2018-08-12 01:06:20 +0000},
	Journal = {International Journal of Production Economics},
	Pages = {182-196},
	Title = {A group decision approach for supplier categorization based on hesitant fuzzy and {ELECTRE TRI}},
	Volume = {202},
	Year = {2018}}

@article{Barua2014,
	Author = {Barua, A. and Mudunuri, L.S. and Kosheleva, O.},
	Date-Added = {2018-07-20 17:45:51 +0000},
	Date-Modified = {2018-07-20 17:46:51 +0000},
	Journal = {Journal of Uncertain Systems},
	Pages = {164-168},
	Title = {Why Trapezoidal and Triangular Membership Functions Work So Well: Towards a Theoretical Explanation},
	Volume = {8},
	Year = {2014}}

@article{Medasani1998,
	Author = {Medasani, S. and Kim, J. and Krishnapuram, R.},
	Date-Added = {2018-07-20 17:15:28 +0000},
	Date-Modified = {2018-07-20 17:16:47 +0000},
	Journal = {International Journal of Approximate Reasoning},
	Pages = {391-417},
	Title = {An overview of membership function generation techniques for pattern recognition},
	Volume = {19},
	Year = {1998}}

@inbook{Bilgic2000,
	Author = {Bilgi{\c{c}}, T. and T{\"u}rk{\c{s}}en, I.},
	Chapter = {Measurement of Membership Functions: Theoretical and Empirical Work},
	Date-Added = {2018-07-20 16:54:31 +0000},
	Date-Modified = {2018-07-20 18:10:54 +0000},
	Editor = {Dubois, D. and Prade, H.},
	Pages = {195-227},
	Publisher = {Springer US},
	Title = {Fundamentals of Fuzzy Sets},
	Year = {2000}}

@inbook{Dias2018,
	Author = {Dias, L.C. and Mousseau, V.},
	Chapter = {Eliciting multi-criteria preferences: {ELECTRE} models},
	Date-Added = {2018-07-20 14:15:26 +0000},
	Date-Modified = {2018-07-20 17:07:06 +0000},
	Editor = {Dias L. and Morton A. and Quigley J.},
	Pages = {349-375},
	Publisher = {Springer, Cham},
	Series = {International Series in Operations Research \& Management Science},
	Title = {Elicitation},
	Volume = {261},
	Year = {2018}}

@article{Farhadinia2014,
	Author = {Farhadinia, B.},
	Date-Added = {2018-06-16 15:34:47 +0000},
	Date-Modified = {2018-06-16 15:39:34 +0000},
	Journal = {Information Sciences},
	Pages = {102-110},
	Title = {A series of score functions for hesitant fuzzy sets},
	Volume = {277},
	Year = {2014}}

@article{He2017,
	Author = {He, X. and Wu, Y.},
	Date-Added = {2018-06-16 14:37:49 +0000},
	Date-Modified = {2018-06-16 14:38:35 +0000},
	Journal = {Journal of Intelligent and Fuzzy Systems},
	Pages = {93-103},
	Title = {Independent hesitant fuzzy group decision making methods with application to person and post matching},
	Volume = {33},
	Year = {2017}}

@article{WangJ2014,
	Author = {Wang, J.Q. and Wang, D.D. and Zhang, H-y. and Chen, X.H.},
	Date-Added = {2018-06-16 14:28:47 +0000},
	Date-Modified = {2018-06-16 14:42:32 +0000},
	Journal = {OR Spectrum},
	Pages = {1001-1019},
	Title = {Multi-criteria outranking approach with hesitant fuzzy sets},
	Volume = {36},
	Year = {2014}}

@article{Leyva2003,
	Author = {Leyva-L\'opez, J.C. and Fern\'andez-Gonz\'alez, D.},
	Date-Added = {2018-06-16 12:13:14 +0000},
	Date-Modified = {2018-06-16 12:14:27 +0000},
	Journal = {European Journal of Operational Research},
	Pages = {14-27},
	Title = {A new method for group decision support based on {ELECTRE III} methodology},
	Volume = {148},
	Year = {2003}}

@article{charnes1978,
	Author = {Charnes, A. and Cooper, W.W. and Rhodes, E.},
	Date-Added = {2018-05-14 21:00:21 +0000},
	Date-Modified = {2018-05-14 21:01:26 +0000},
	Journal = {European Journal of Operational Research},
	Pages = {429-444},
	Title = {Measuring the efficiency of decision making units},
	Volume = {2},
	Year = {1978}}

@article{fahmi2016,
	Author = {Fahmi, A. and Kahraman, C. and Bilen, \''{U}},
	Date-Added = {2018-04-25 12:45:58 +0000},
	Date-Modified = {2018-04-25 12:47:54 +0000},
	Journal = {International Journal of Computational Intelligence Systems},
	Number = {1},
	Pages = {153-167},
	Title = {{ELECTRE I} Method Using Hesitant Linguistic Term Sets: An Application to Supplier Selection},
	Volume = {9},
	Year = {2016}}

@article{wang2014,
	Author = {Wang, J-q. and Wang, J. and Chen, Q-h, and Zhang, H-y. and Chen, X-h.},
	Date-Added = {2018-04-25 12:42:47 +0000},
	Date-Modified = {2018-04-25 12:44:22 +0000},
	Journal = {Information Sciences},
	Pages = {338-351},
	Title = {An outranking approach for multi-criteria decision-making with hesitant fuzzy linguistic term sets},
	Volume = {280},
	Year = {2014}}

@article{sevkli2010,
	Author = {Sevkli, M.},
	Date-Added = {2018-04-25 12:34:01 +0000},
	Date-Modified = {2018-04-25 12:36:38 +0000},
	Journal = {International Journal of Production Research},
	Number = {12},
	Pages = {3393-3405},
	Title = {An application of the fuzzy {ELECTRE} method for supplier selection},
	Volume = {48},
	Year = {2010}}

@article{peng2015,
	Author = {Peng, J. and Wang, J. and Wang, J. and Yang, L-J. and Chen, X.},
	Date-Added = {2018-04-25 12:26:22 +0000},
	Date-Modified = {2018-04-25 12:28:29 +0000},
	Journal = {Information Sciences},
	Pages = {113-126},
	Title = {An extension of {ELECTRE} to multi-criteria decision-making problems with multi-hesitant fuzzy sets},
	Volume = {307},
	Year = {2015}}

@article{pereira2018,
	Author = {Pereira, J. and de Oliveira, E.C.B. and Gomes, L. F. A. M.},
	Date-Added = {2018-04-16 12:11:18 +0000},
	Date-Modified = {2018-04-16 12:12:29 +0000},
	Journal = {Soft Computing},
	Title = {Sorting retail locations in a large urban city by using {ELECTRE TRI-C} and trapezoidal fuzzy numbers},
	Volume = {https://doi.org/10.1007/s00500-018-3068-2},
	Year = {2018}}

@article{voxman2001,
	Author = {Voxman, W.},
	Date-Added = {2018-04-16 12:04:39 +0000},
	Date-Modified = {2018-04-16 12:05:47 +0000},
	Journal = {Fuzzy Sets and Systems},
	Number = {3},
	Pages = {457-466},
	Title = {Canonical representations of discrete fuzzy numbers},
	Volume = {118},
	Year = {2001}}

@article{Jin2015,
	Author = {Jin, B.},
	Date-Added = {2018-04-15 23:42:59 +0000},
	Date-Modified = {2018-11-11 11:58:11 -0300},
	Journal = {Journal of Intelligent and Fuzzy Systems},
	Pages = {463-468},
	Title = {{ELECTRE} method for multiple attributes decision making problem with hesitant fuzzy information},
	Volume = {29},
	Year = {2015}}

@article{chen2015,
	Author = {Chen, N. and Xu, Z.},
	Date-Added = {2018-04-09 12:34:05 +0000},
	Date-Modified = {2018-04-09 12:35:33 +0000},
	Journal = {Information Sciences},
	Pages = {175-197},
	Title = {Hesitant fuzzy {ELECTRE II} approach: A new way to handle multi-criteria decision making problems},
	Volume = {292},
	Year = {2015}}

@article{wu2012,
	Author = {Wu, M. and Chen, T.},
	Date-Added = {2018-02-01 13:30:03 +0000},
	Date-Modified = {2018-02-01 13:31:19 +0000},
	Journal = {Asian International Journal of Science and Technology in Production and Manufacturing Engineering},
	Number = {3},
	Pages = {33-40},
	Title = {Interval-valued Intuitionistic {Fuzzy ELECTRE} Method},
	Volume = {5},
	Year = {2012}}

@article{vahdani2011,
	Author = {Vahdani, B. and Hadipour, H.},
	Date-Added = {2018-01-31 18:41:32 +0000},
	Date-Modified = {2018-01-31 18:42:45 +0000},
	Journal = {Soft Computing},
	Number = {15},
	Pages = {569-579},
	Title = {Extension of the {ELECTRE} method based on interval-valued fuzzy sets},
	Year = {2011}}

@article{singh2018,
	Author = {Singh, P.K.},
	Date-Added = {2018-01-31 18:40:27 +0000},
	Date-Modified = {2018-01-31 18:41:07 +0000},
	Journal = {Engineering Applications of Artificial Intelligence},
	Number = {67},
	Pages = {52-62},
	Title = {m-polar fuzzy graph representation of concept lattice},
	Year = {2018}}

@article{hatami2011,
	Author = {Hatami-Marbini, A. and Tavana, M.},
	Date-Added = {2018-01-31 18:38:59 +0000},
	Date-Modified = {2018-01-31 18:39:46 +0000},
	Journal = {Omega},
	Number = {39},
	Pages = {373-386},
	Title = {An Extension of the {ELECTRE I} Method for Group Decision-Making under a Fuzzy Environment},
	Year = {2011}}

@article{delgado1998,
	Author = {Delgado, M. and Vila, M.A. and Voxman, W.},
	Date-Added = {2018-01-31 18:12:27 +0000},
	Date-Modified = {2018-01-31 18:13:21 +0000},
	Journal = {Fuzzy Sets and Systems},
	Number = {94},
	Pages = {205-216},
	Title = {A fuzziness measure for fuzzy numbers: Applications},
	Year = {1998}}

@article{chentung2001,
	Author = {Chen, C.T.},
	Date-Added = {2018-01-11 11:44:16 +0000},
	Date-Modified = {2018-01-11 11:45:09 +0000},
	Journal = {Fuzzy Sets and System},
	Number = {118},
	Pages = {65-73},
	Title = {A fuzzy approach to select the location of the distribution center},
	Year = {2001}}

@inproceedings{turhan2013,
	Author = {Turhan, G. and Akalin, M. and Zehir, C.},
	Booktitle = {Procedia - Social and Behavioral Sciences},
	Date-Added = {2018-01-09 19:57:12 +0000},
	Date-Modified = {2018-01-09 19:59:42 +0000},
	Number = {99},
	Pages = {391-402},
	Title = {Literature Review on Selection Criteria of Store Location Based on Performance Measures},
	Year = {2013}}

@article{awasthi2011,
	Author = {Awasthi, A. and Chauhan, S.S. and Goyal, S.K.},
	Date-Added = {2018-01-08 21:45:46 +0000},
	Date-Modified = {2018-01-08 21:47:29 +0000},
	Journal = {Mathematical and Computer Modelling},
	Number = {53},
	Pages = {98-109},
	Title = {A multi-criteria decision making approach for location planning for urban distribution centers under uncertainty},
	Year = {2011}}

@book{eiselt1995,
	Author = {Eiselt, H.A. and Laporte, G.},
	Date-Added = {2018-01-08 19:44:52 +0000},
	Date-Modified = {2018-01-08 19:46:05 +0000},
	Publisher = {Springer},
	Title = {Facility Location: A Survey of Application and Methods},
	Year = {1995}}

@techreport{vygen2005,
	Author = {Vygen, J.},
	Date-Added = {2018-01-08 18:13:12 +0000},
	Date-Modified = {2018-01-08 18:58:11 +0000},
	Institution = {Research Institute for Discrete Mathematics, University of Bonn},
	Title = {Approximation Algorithms for Facility Location Problems},
	Year = {2005}}

@article{figueira2011,
	Author = {Figueira, J. and Almeida, J. and Matias, S. and Roy, B. and Carvalho, M.J. and Plancha, C.E.},
	Date-Added = {2017-04-19 04:36:38 +0000},
	Date-Modified = {2017-04-19 04:38:37 +0000},
	Journal = {International Journal of Medical Informatics},
	Number = {80},
	Pages = {262-273},
	Title = {{Electre Tri-C}, a multiple criteria decision aiding sorting model applied to assisted reproduction},
	Year = {2011}}

@article{govindan2016b,
	Author = {Govindan, K. and Jepsen, M.B.},
	Date-Added = {2017-04-19 04:33:28 +0000},
	Date-Modified = {2017-04-19 04:34:37 +0000},
	Journal = {European Journal of Operational Research},
	Number = {1},
	Pages = {1-29},
	Title = {{ELECTRE}: A comprehensive literature review on methodologies and applications},
	Volume = {250},
	Year = {2016}}

@article{govindan2016,
	Author = {Govindan, K. and Jepsen, M.B.},
	Date-Added = {2017-04-18 22:50:54 +0000},
	Date-Modified = {2017-04-18 22:52:33 +0000},
	Journal = {Journal of the Operational Research Society},
	Number = {67},
	Pages = {339-376},
	Title = {Supplier risk assessment based on trapezoidal intuitionistic fuzzy numbers and {ELECTRE TRI-C}: a case illustration involving service suppliers},
	Year = {2016}}

@article{pereira2017,
	Author = {Pereira, J. and de Oliveira, E.C.B. and Gomes, L.F.A.M.},
	Date-Added = {2017-04-06 15:57:42 +0000},
	Date-Modified = {2017-05-30 22:20:13 +0000},
	Title = {Using trapezoidal fuzzy sets in the {ELECTRE TRI-C} multi-criteria decision analysis sorting method.},
	Volume = {Submitted},
	Year = {2017}}

@article{araujo2015,
	Author = {Ara\'ujo, R.M.},
	Date-Added = {2017-04-05 19:32:01 +0000},
	Date-Modified = {2017-05-30 22:33:54 +0000},
	Journal = {Procedia Computer Science},
	Pages = {559-565},
	Title = {Multicriteria Classification with {TODIM-FSE}},
	Volume = {55},
	Year = {2015}}

@techreport{yevseyeva2007,
	Author = {Yevseyeva, I.},
	Date-Added = {2017-04-04 22:41:41 +0000},
	Date-Modified = {2017-04-04 22:47:19 +0000},
	Institution = {University of Jyv\"{a}skyl\"{a}},
	Number = {84},
	Title = {Solving classification problems with multicriteria decision aiding approaches},
	Year = {2007}}

@article{zopounidis2002,
	Author = {Zopounidis, C. and Doumpos, M.},
	Date-Added = {2017-04-04 22:39:36 +0000},
	Date-Modified = {2017-05-30 22:17:34 +0000},
	Journal = {European Journal of Operational Research},
	Pages = {229-246},
	Title = {Multicriteria classification and sorting methods: A literature review},
	Volume = {138},
	Year = {2002}}

@article{chu2002,
	Author = {Chu, T-C.},
	Date-Added = {2017-04-04 15:46:55 +0000},
	Date-Modified = {2017-04-04 15:49:26 +0000},
	Journal = {International Journal of Uncertainty, Fuzziness and Knowledge-Based Systems},
	Number = {6},
	Pages = {687-701},
	Title = {Facility location selection using {F}uzzy {TOPSIS} under group decisions},
	Volume = {10},
	Year = {2002}}

@article{kuo2002,
	Author = {Kuo, R. J. and Chi, S. C. and Kao, S. S.},
	Date-Added = {2017-04-04 15:41:38 +0000},
	Date-Modified = {2017-05-30 22:16:07 +0000},
	Journal = {Computers in Industry},
	Pages = {199-214},
	Title = {A decision support system for selecting convenience store location through integration of fuzzy {AHP} and artificial neural network},
	Volume = {47},
	Year = {2002}}

@article{caceres2009,
	Author = {Garc\'ia-C\'aceres, G. and Ara\'oz, J. and Palacios, F.},
	Date-Added = {2017-04-03 23:42:58 +0000},
	Date-Modified = {2017-05-30 23:00:21 +0000},
	Journal = {European Journal of Operational Research},
	Pages = {891-903},
	Title = {Integral analysis method -- {IAM}},
	Volume = {192},
	Year = {2009}}

@article{akalin2013,
	Author = {Akalin, M. and Turhan, G. and Sahin, A.},
	Date-Added = {2017-04-03 23:28:58 +0000},
	Date-Modified = {2017-04-03 23:31:12 +0000},
	Journal = {International Journal of Research in Business and Social Science},
	Number = {4},
	Pages = {1-20},
	Title = {The Application of {AHP} Approach for Evaluating Location Selection Elements for Retail Store: A Case of Clothing Store},
	Volume = {2},
	Year = {2013}}

@article{farahani2010,
	Author = {Farahani, R.Z. and Steadie, M. and Asgari, N.},
	Date-Added = {2017-04-03 22:29:40 +0000},
	Date-Modified = {2017-05-30 22:34:45 +0000},
	Journal = {Applied Mathematical Modelling},
	Pages = {1689-1709},
	Title = {Multiple criteria facility location problems: A survey},
	Volume = {34},
	Year = {2010}}

@article{owen1998,
	Author = {Owen, S.H. and Daskin, M.},
	Date-Added = {2017-04-03 22:11:51 +0000},
	Date-Modified = {2017-05-30 22:16:41 +0000},
	Journal = {European Journal of Operational Research},
	Pages = {423-447},
	Title = {Strategic facility location: A review},
	Volume = {111},
	Year = {1998}}

@article{gomes2014,
	Author = {Gomes, L. F. A. M. and Ara\'ujo, R.M. and Machado, M.A.S.},
	Date-Added = {2017-04-03 22:04:34 +0000},
	Date-Modified = {2017-04-03 22:06:09 +0000},
	Journal = {Tecnologia \& Cultura},
	Number = {16},
	Pages = {45-51},
	Title = {Retail location analysis with {TODIM-FSE}},
	Volume = {24},
	Year = {2014}}

@article{chen2016,
	Author = {Chen, L-F. and Tsai, C-T.},
	Date-Added = {2017-04-03 22:01:26 +0000},
	Date-Modified = {2017-05-30 22:34:20 +0000},
	Journal = {Tourism Management},
	Pages = {197-206},
	Title = {Data mining framework based on rough set theory to improve location selection decisions: A case study of a restaurant chain},
	Volume = {53},
	Year = {2016}}

@article{cagri2013,
	Author = {Cagri~Tolga, A.C. and Tuysuz, F. and Kahraman, C.},
	Date-Added = {2017-04-03 21:40:43 +0000},
	Date-Modified = {2017-04-03 23:21:43 +0000},
	Journal = {International Journal of Information Technology \& Decision Making},
	Number = {4},
	Pages = {729-755},
	Title = {A fuzzy multi-criteria decision analysis approach for retail location selection},
	Volume = {12},
	Year = {2013}}

@article{burnaz2006,
	Author = {Burnaz, S. and Topcu, I.},
	Date-Added = {2017-04-03 21:35:26 +0000},
	Date-Modified = {2017-05-30 22:16:17 +0000},
	Journal = {Journal of Multi-Criteria Decision Analysis},
	Pages = {67-76},
	Title = {A multiple-criteria decision-making approach for the evaluation of retail location},
	Volume = {14},
	Year = {2006}}

@article{karande2005,
	Author = {Karande, K. and Lombard, J.},
	Date-Added = {2017-04-03 17:26:54 +0000},
	Date-Modified = {2017-05-30 22:32:10 +0000},
	Journal = {Journal of Business Research},
	Pages = {687-695},
	Title = {Location strategies of broad-line retailers: an empirical investigation},
	Volume = {58},
	Year = {2005}}

@book{doumpos2002,
	Address = {New York},
	Author = {Doumpos, M. and Zopounidis, C.},
	Date-Added = {2017-04-02 17:40:44 +0000},
	Date-Modified = {2017-04-02 17:41:37 +0000},
	Publisher = {Kluwer Academic Publishers},
	Title = {Multicriteria Decision Aid Classification Methods},
	Year = {2002}}

@article{ishizaka2012,
	Author = {Ishizaka, A. and Pearman, C. and Nemery, P.},
	Date-Added = {2017-04-02 17:30:55 +0000},
	Date-Modified = {2017-05-30 22:33:00 +0000},
	Journal = {International Journal of Production Research},
	Pages = {4767-4784},
	Title = {{AHPSort}: an {AHP}-based method for sorting problems},
	Volume = {50(17)},
	Year = {2012}}

@article{sakawa1985,
	Author = {Sakawa, M. and Yano, H.},
	Date-Added = {2017-03-31 18:46:53 +0000},
	Date-Modified = {2017-03-31 18:49:52 +0000},
	Journal = {IEEE Transactions on Systems, Man, and Cybernetics},
	Number = {6},
	Pages = {720-729},
	Title = {An Interactive Fuzzy Satisficing Method Using Augmented {M}inimax Problems and Its Application to Environmental Systems},
	Volume = {15},
	Year = {1985}}

@phdthesis{nemery2009,
	Author = {Nemery, P.},
	Date-Added = {2017-03-20 05:03:48 +0000},
	Date-Modified = {2017-03-20 05:04:55 +0000},
	School = {Universit\'e Libre de Bruxelles},
	Title = {On the use of multicriteria ranking methods in sorting problems},
	Year = {2009}}

@techreport{roy2012,
	Author = {Roy, B. and Figueira, J. and Almeida, J.},
	Date-Added = {2017-03-17 18:34:52 +0000},
	Date-Modified = {2017-03-17 18:35:37 +0000},
	Institution = {Universit\'e Paris Dauphine},
	Number = {2012},
	Title = {Discriminating thresholds as a tool to cope with imperfect knowledge in multiple criteria decision aiding: Theoretical results and practical issues},
	Type = {CAHIER DU LAMSADE},
	Year = {2012}}

@article{macary2014,
	Author = {Macary, F. and Almeida, J. and Figueira, J.},
	Date-Added = {2017-03-16 06:02:42 +0000},
	Date-Modified = {2017-03-16 06:04:56 +0000},
	Journal = {Environmental Modeling \& Assessment},
	Number = {3},
	Pages = {221-242},
	Title = {A Multiple Criteria Decision Analysis Model Based on {ELECTRE TRI-C} for Erosion Risk Assessment in Agricultural Areas},
	Volume = {19},
	Year = {2014}}

@techreport{almeida2008,
	Author = {Almeida, J. and Figueira, J. and Roy, B.},
	Date-Added = {2017-03-14 22:30:01 +0000},
	Date-Modified = {2018-07-17 21:28:34 +0000},
	Institution = {Universit\'e Paris Dauphine},
	Number = {274},
	Title = {{Electre Tri-C}: A Multiple Criteria Sorting Method Based on Central Reference Actions},
	Type = {CAHIER DU LAMSADE},
	Year = {2008}}

@article{hubinont2016,
	Author = {Hubinont, J.P.},
	Date-Added = {2017-02-17 22:52:19 +0000},
	Date-Modified = {2017-02-17 22:53:29 +0000},
	Journal = {International Journal of Multicriteria Decision Making},
	Number = {3},
	Pages = {237-246},
	Title = {{SMAA-GAIA}: a complementary tool of the {SMAA-PROMETHEE} method},
	Volume = {6},
	Year = {2016}}

@article{kangas2006,
	Author = {Kangas, A. and Kangas, J. and Lahdelma, R. and Salminen, P.},
	Date-Added = {2017-02-06 17:55:58 +0000},
	Date-Modified = {2017-02-06 17:57:50 +0000},
	Journal = {Forest Policy and Economics},
	Number = {2113-125},
	Title = {Using {SMAA-2} method with dependent uncertainties for strategic forest planning},
	Volume = {9},
	Year = {2006}}

@article{yang2012,
	Author = {Yang, F. and Ang, S. and Xia, Q. and Yang, C.},
	Date-Added = {2017-02-06 17:28:10 +0000},
	Date-Modified = {2017-02-06 17:30:14 +0000},
	Journal = {European Journal of Operational Research},
	Number = {2},
	Pages = {483-488},
	Title = {Ranking {DMU}s by using interval {DEA} cross efficiency matrix with acceptability analysis},
	Volume = {223},
	Year = {2012}}

@article{lahdelma2001,
	Author = {Lahdelma, R. and Salminen, P.},
	Date-Added = {2017-02-05 05:15:05 +0000},
	Date-Modified = {2017-02-05 05:17:23 +0000},
	Journal = {Operations Research},
	Number = {3},
	Pages = {444-454},
	Title = {{SMAA-2}: {S}tochastic {M}ulticriteria {A}cceptability {A}nalysis for group decision making},
	Volume = {49},
	Year = {2001}}

@article{perny1992,
	Author = {Perny, P. and Roy, B.},
	Date-Added = {2017-01-18 23:38:48 +0000},
	Date-Modified = {2017-01-18 23:40:02 +0000},
	Journal = {Fuzzy Sets and System},
	Number = {49},
	Pages = {33-53},
	Title = {The use of fuzzy outranking relations in preference modelling},
	Year = {1992}}

@inbook{tervonen2007c,
	Author = {Tervonen, T. and Figueira, J. and Lahdelmaa, R. and Salminen, P.},
	Chapter = {SMAA-III: A Simulation-Based Approach for Sensitivity Analysis of {ELECTRE III}},
	Date-Added = {2016-12-14 01:27:09 +0000},
	Date-Modified = {2016-12-14 01:31:33 +0000},
	Editor = {Linkov, I. and Ferguson, E. and Magar, V.},
	Pages = {241-253},
	Publisher = {Springer},
	Title = {Real-Time and Deliberative Decision Making: Application to Emerging Stressors},
	Year = {2007}}

@article{ruoning1992,
	Author = {Ruoning, X. and Xiaoyan, Z.},
	Date-Added = {2016-12-14 00:27:30 +0000},
	Date-Modified = {2016-12-14 00:28:38 +0000},
	Journal = {Fuzzy Sets and System},
	Number = {3},
	Pages = {251-257},
	Title = {Extensions of the {A}nalytic {H}ierarchy {P}rocess in Fuzzy Environment},
	Volume = {52},
	Year = {1992}}

@article{kilincci2011,
	Author = {Kilincci, O. and Onal, S. A.},
	Date-Added = {2016-12-14 00:24:21 +0000},
	Date-Modified = {2016-12-14 00:25:37 +0000},
	Journal = {Expert Systems with Applications},
	Number = {8},
	Pages = {9656-9664},
	Title = {Fuzzy {AHP} approach for supplier selection in a washing machine company},
	Volume = {38},
	Year = {2011}}

@techreport{roy2013,
	Author = {Roy, B.},
	Date-Added = {2016-11-23 00:12:24 +0000},
	Date-Modified = {2016-11-23 00:13:43 +0000},
	Institution = {LAMSADE, Universit\'e Paris Dauphine, France},
	Number = {333},
	Title = {Robustness for Operations Research and Decision Aiding},
	Type = {CAHIER DU LAMSADE},
	Year = {2013}}

@inbook{figueira2010,
	Author = {Figueira, J. and Greco, S. and Roy, B. and Slowinski, R.},
	Chapter = {ELECTRE Methods: Main Features and Recent Developments},
	Date-Added = {2016-09-27 14:43:14 +0000},
	Date-Modified = {2017-05-30 22:23:46 +0000},
	Editor = {Zopounidis, C. and Pardalos, P.M.},
	Number = {Vol. 103},
	Pages = {51-89},
	Publisher = {Springer},
	Title = {Handbook of Multicriteria Analysis},
	Year = {2010}}

@phdthesis{tervonen2007b,
	Author = {Tervonen, T.},
	Date-Added = {2016-09-26 23:42:20 +0000},
	Date-Modified = {2016-09-26 23:44:19 +0000},
	School = {University of Turku, Department of Information Technology, Finland},
	Title = {New directions in {S}tochastic {M}ulticriteria {A}cceptability {A}nalysis},
	Year = {2007}}

@article{awasthi2016,
	Author = {Awasthi, A. and Kannan, G.},
	Date-Added = {2016-09-19 19:24:21 +0000},
	Date-Modified = {2016-09-19 19:25:34 +0000},
	Journal = {Computers and Industrial Engineering},
	Pages = {100-108},
	Title = {Green supplier development program selection using {NGT} and {VIKOR} under fuzzy environment},
	Volume = {91},
	Year = {2016}}

@article{liou2014,
	Author = {Liou, J. and Chuang, Y-C. and Tzeng, G.H.},
	Date-Added = {2016-09-19 19:10:19 +0000},
	Date-Modified = {2016-09-19 19:11:48 +0000},
	Journal = {Information Sciences},
	Pages = {199-217},
	Title = {A fuzzy integral-based model for supplier evaluation and improvement},
	Volume = {266},
	Year = {2014}}

@article{roy1989,
	Author = {Roy, B.},
	Date-Added = {2016-06-08 17:51:26 +0000},
	Date-Modified = {2016-06-08 17:52:20 +0000},
	Journal = {Mathematical and Computer Modelling},
	Number = {10-11},
	Pages = {1245-1254},
	Title = {Main sources of inaccurate determination, uncertainty and imprecision in decision models},
	Volume = {12},
	Year = {1989}}

@inbook{doumpos2014,
	Author = {Doumpos, M. and Zopounidis, C.},
	Chapter = {The Robustness Concern in Preference Disaggregation Approaches for Decision Aiding: An Overview},
	Date-Added = {2016-06-06 18:37:00 +0000},
	Date-Modified = {2016-06-06 18:40:20 +0000},
	Editor = {Rassias, T. and Floudas, C.A. and Butenko, S.},
	Pages = {157-177},
	Publisher = {Springer},
	Title = {Optimization in Science and Engineering: In Honor of the 60th Birthday of {P}anos {M}. {P}ardalos},
	Year = {2014}}

@phdthesis{zheng2012,
	Author = {Zheng, J.},
	Date-Added = {2016-06-06 18:14:15 +0000},
	Date-Modified = {2016-08-18 17:45:10 +0000},
	School = {\'Ecole Centrale de Paris},
	Title = {\'Elicitation des Pr\'ef\'erences pour des Mod\`eles d'Agregation bas\'es s ur des Points de R\'ef\'erence: Algorithmes et Proc\'edures},
	Year = {2012}}

@inbook{siskos2005,
	Author = {Siskos, Y. and Grigoroudis, E. and Matsatsinis, N.},
	Chapter = {{UTA} methods},
	Date-Added = {2016-06-06 18:02:12 +0000},
	Date-Modified = {2016-06-06 18:06:48 +0000},
	Editor = {Figueira, J. and Greco, S. and Ehrgott, M.},
	Pages = {297-334},
	Publisher = {Springer},
	Series = {International Series in Operations Research \& Management Science},
	Title = {{M}ultiple {C}riteria {D}ecision {A}nalysis: State of the Art Surveys},
	Volume = {78},
	Year = {2005}}

@article{kadzinski2012,
	Author = {Kadzi\'nski, M. and Grecco, S. and Slowinski, R.},
	Date-Added = {2016-06-06 15:17:19 +0000},
	Date-Modified = {2016-08-18 17:50:27 +0000},
	Journal = {Computers \& Operations Research},
	Number = {39},
	Pages = {2500-2519},
	Title = {Selection of a representative set of parameters for robust ordinal regression outranking methods},
	Year = {2012}}

@inproceedings{eppe2011,
	Author = {Eppe, S. and De Smet, Y. and St\"utzle, T.},
	Booktitle = {{ADT'11} Proceedings of the Second international conference on Algorithmic Decision Theory},
	Date-Added = {2016-06-06 15:11:59 +0000},
	Date-Modified = {2016-08-18 17:49:26 +0000},
	Editor = {Brafman, R. and Roberts, F.S. and Tsoukias, A.},
	Pages = {56-66},
	Series = {Lecture Notes in Computer Science},
	Title = {A Bi-objective Optimization Model to Eliciting Decision Maker's Preferences for the {PROMETHEE II} Method},
	Volume = {6992},
	Year = {2011}}

@article{dias2002,
	Author = {Dias, L. and Mousseau, V. and Figueira, J. and Cl\'imaco, J.},
	Date-Added = {2016-06-06 15:09:29 +0000},
	Date-Modified = {2016-06-06 15:10:56 +0000},
	Journal = {European Journal of Operational Research},
	Number = {2},
	Pages = {332-348},
	Title = {An aggregation/disaggregation approach to obtain robust conclusions with {ELECTRE TRI}},
	Volume = {138},
	Year = {2002}}

@article{greco2011,
	Author = {Greco, S. and Kadzinski, M. and Mousseau, V. and Slowinski, R.},
	Date-Added = {2016-06-06 15:00:49 +0000},
	Date-Modified = {2016-06-06 15:03:40 +0000},
	Journal = {European Journal of Operational Research},
	Number = {1},
	Pages = {118-135},
	Title = {{ELECTRE}$^{GKMS}$: Robust ordinal regression for outranking methods},
	Volume = {214},
	Year = {2011}}

@article{frikha2011,
	Author = {Frikha, H. and Chabchoub, H. and Martel, J-M.},
	Date-Added = {2016-06-01 17:18:50 +0000},
	Date-Modified = {2016-06-01 17:21:40 +0000},
	Journal = {International Journal of Multicriteria Decision Making},
	Number = {4},
	Pages = {365-393},
	Title = {An interactive disaggregation approach inferring the indifference and the preference thresholds of {PROMETHEE II}},
	Volume = {1},
	Year = {2011}}

@article{tervonen2007,
	Author = {Tervonen, T. and Lahdelmaa, R.},
	Date-Added = {2016-05-18 20:37:33 +0000},
	Date-Modified = {2016-08-18 17:55:02 +0000},
	Journal = {European Journal of Operational Research},
	Number = {178},
	Pages = {500-513},
	Title = {Implementing {S}tochastic {M}ulticriteria {A}cceptability {A}nalysis},
	Year = {2007}}

@article{grabisch2010,
	Author = {Grabisch, M. and Labreuche, C.},
	Date-Added = {2016-01-12 23:46:55 +0000},
	Date-Modified = {2016-01-13 18:47:30 +0000},
	Journal = {Annals of Operations Research},
	Number = {1},
	Pages = {247-290},
	Title = {A decade of application of the {C}hoquet and {S}ugeno integrals in multi-criteria decision aid},
	Volume = {175},
	Year = {2010}}

@article{sang2015,
	Author = {Sang, X. and Liu, X.},
	Date-Added = {2016-01-12 00:15:34 +0000},
	Date-Modified = {2016-01-13 18:51:02 +0000},
	Journal = {Journal of the Operational Research Society},
	Pages = {doi:10.1057/jors.2015.86},
	Title = {An interval type-2 fuzzy sets-based {TODIM} method and its application to green supplier selection},
	Year = {2015}}

@article{tan2015,
	Author = {Tan, C. and Jiang, Z-Z. and Chen, X.},
	Date-Added = {2016-01-12 00:04:32 +0000},
	Date-Modified = {2016-01-13 18:49:44 +0000},
	Journal = {Journal of Intelligent and Fuzzy Systems},
	Number = {1},
	Pages = {293-305},
	Title = {An extended {TODIM} method for hesitant fuzzy interactive multicriteria decision making based on generalized {C}hoquet integral},
	Volume = {29},
	Year = {2015}}

@article{wang2016,
	Author = {Wang, F. and Li, H.},
	Date-Added = {2016-01-11 23:58:39 +0000},
	Date-Modified = {2016-01-13 18:50:17 +0000},
	Journal = {Journal of Systems Engineering and Electronics},
	Number = {5},
	Pages = {1023-1030},
	Title = {Novel method for hybrid multiple attribute decision making based on {TODIM} method},
	Volume = {26},
	Year = {2015}}

@article{liu2014,
	Author = {Liu, P. and Teng, F.},
	Date-Added = {2016-01-11 23:43:14 +0000},
	Date-Modified = {2016-01-11 23:45:42 +0000},
	Journal = {Complexity},
	Number = {2},
	Pages = {doi: 10.1002/cplx.21625},
	Title = {An extended TODIM method for multiple attribute group decision-making based on {2-}dimension uncertain linguistic variable},
	Volume = {29},
	Year = {2014}}

@article{tversky1969,
	Author = {Tversky, A.},
	Date-Added = {2015-11-04 00:42:31 +0000},
	Date-Modified = {2015-11-04 00:43:42 +0000},
	Journal = {Psychological Review},
	Number = {1},
	Pages = {31-48},
	Title = {Intransitivity of preferences},
	Volume = {76},
	Year = {1969}}

@inbook{bouyssou1989,
	Author = {Bouyssou, D.},
	Chapter = {Modelling Inaccurate Determination, Uncertainty, Imprecision Using Multiple Criteria},
	Date-Added = {2015-11-02 18:41:46 +0000},
	Date-Modified = {2015-11-02 18:45:15 +0000},
	Editor = {Lockett, A.G. and Islei, G.},
	Pages = {78-87},
	Publisher = {Springer Berlin Heidelberg},
	Series = {Lecture Notes in Economics and Mathematical Systems},
	Title = {Improving Decision Making in Organisations},
	Volume = {335},
	Year = {1989}}

@inbook{figueira2005,
	Author = {Figueira, J. and Mousseau,V and Roy, B.},
	Chapter = {{ELECTRE} methods},
	Date-Added = {2015-10-12 22:05:49 +0000},
	Date-Modified = {2015-10-12 22:08:09 +0000},
	Editor = {Figueira, J. and Greco, S. and Ehrgott, M.},
	Pages = {133-153},
	Publisher = {Springer},
	Title = {Multiple criteria decision analysis: state of the art surveys},
	Year = {2005}}

@inbook{bouyssou2001,
	Author = {Bouyssou, D.},
	Date-Added = {2015-10-12 20:44:44 +0000},
	Date-Modified = {2015-10-12 21:56:51 +0000},
	Editor = {Floudas, C.A. and Pardalos, P.M.},
	Pages = {249-255},
	Publisher = {Kluwer},
	Title = {Outranking Methods},
	Volume = {4},
	Year = {2001}}

@article{bouyssou1996,
	Author = {Bouyssou, D.},
	Date-Added = {2015-10-07 22:37:49 +0000},
	Date-Modified = {2015-10-07 22:38:53 +0000},
	Journal = {Journal of Multi-Criteria Decision Analysis},
	Number = {2},
	Pages = {99-111},
	Title = {Outranking Relations: Do They Have Special Properties?},
	Volume = {5},
	Year = {1996}}

@phdthesis{bozkurt2007,
	Author = {Bozkurt, A.},
	Date-Added = {2015-10-05 23:34:47 +0000},
	Date-Modified = {2015-10-05 23:35:45 +0000},
	School = {Middle East Technical University, Ankara, Turkey},
	Title = {Multi-Criteria Decision Making with Interdependent Criteria Using Prospect Theory},
	Year = {2007}}

@phdthesis{lade2013,
	Author = {Lade, O.O.},
	Date-Added = {2015-10-02 16:16:44 +0000},
	Date-Modified = {2015-10-02 16:20:12 +0000},
	School = {University of Wolverhampton},
	Title = {A multi-criteria decision analysis framework for sustainable rainwater harvesting systems in {Ibadan}, {Nigeria}},
	Year = {2013}}

@article{garcia2010,
	Author = {Garcia, F. and Guijarro, F. and Moya, I.},
	Date-Added = {2015-10-02 15:22:29 +0000},
	Date-Modified = {2017-05-30 22:31:11 +0000},
	Journal = {Computers \& Operations Research},
	Number = {37},
	Pages = {1597-1609},
	Title = {A goal programming approach to estimating performance weights for ranking firms},
	Year = {2010}}

@article{betrie2013,
	Author = {Betrie, G.D. and Sadiq, R. and Morin, K.A. and Tesfamariam, S.},
	Date-Added = {2015-10-02 15:14:44 +0000},
	Date-Modified = {2015-10-02 15:16:17 +0000},
	Journal = {Journal of Environmental Management},
	Number = {119},
	Pages = {36-46},
	Title = {Selection of remedial alternatives for mine sites: A multicriteria decision analysis approach},
	Year = {2013}}

@article{gomes2009b,
	Author = {Gomes, L. F. A. M. and Rangel, L.A.D and Moreira, R.A.},
	Date-Added = {2015-08-27 23:14:18 +0000},
	Date-Modified = {2015-08-27 23:17:24 +0000},
	Journal = {Foundations of Computing and Decision Sciences},
	Number = {155-172},
	Title = {Using {ELECTRE IV} in the promotion of social and economic development: A case study in {R}io de {J}aneiro.},
	Volume = {34},
	Year = {2009}}

@article{tervonen2008,
	Author = {Tervonen, T. and Figueira, J.},
	Date-Added = {2015-08-07 21:24:53 +0000},
	Date-Modified = {2015-08-28 02:40:31 +0000},
	Journal = {Journal of Multi-Criteria Decision Analysis},
	Number = {15},
	Pages = {1-14},
	Title = {A Survey on {Stochastic Multicriteria Acceptability Analysis Methods}},
	Year = {2008}}

@incollection{Aissi2010-ka,
	Author = {Aissi, H. and Roy, B.},
	Booktitle = {Trends in Multiple Criteria Decision Analysis},
	Date-Added = {2014-09-09 20:25:04 +0000},
	Date-Modified = {2014-09-22 19:54:40 +0000},
	Editor = {Ehrgott, M. and Figueira, J. and Greco, S.},
	Pages = {87--121},
	Publisher = {Springer US},
	Series = {International Series in Operations Research \&amp; Management Science},
	Title = {Robustness in Multi-criteria Decision Aiding},
	Year = {2010}}

@book{chen2002,
	Address = {Thousand Oaks},
	Author = {Chen, P.Y. and Popovich, P.M.},
	Date-Added = {2014-09-08 21:56:16 +0000},
	Date-Modified = {2014-09-08 21:57:24 +0000},
	Publisher = {Sage},
	Title = {Correlation: Parametric and nonparametric measures},
	Year = {2002}}

@book{pomerol2000,
	Address = {Boston},
	Author = {Pomerol, J-Ch. and Barba-Romero, S.},
	Date-Added = {2014-08-25 01:27:04 +0000},
	Date-Modified = {2014-08-25 14:49:56 +0000},
	Publisher = {Kluwer},
	Title = {Multicriterion Decision in Management: principles and practices.},
	Year = {2000}}

@article{gomes2012,
	Author = {Gomes, L.F.A.M. and Gonz{\'a}lez, X.I.},
	Date-Added = {2014-08-24 04:25:51 +0000},
	Date-Modified = {2014-09-22 20:17:07 +0000},
	Journal = {Foundations of Computing and Decision Sciences},
	Number = {1},
	Pages = {3-8},
	Title = {Behavioural Multi-Criteria Decision Analysis: Further Elaborations on the {TODIM} Method},
	Volume = {37},
	Year = {2012}}

@article{lahdelmaa2009,
	Author = {Lahdelmaa, R. and Salminen, P.},
	Date-Added = {2014-08-22 20:36:11 +0000},
	Date-Modified = {2014-09-22 20:24:24 +0000},
	Journal = {Omega},
	Number = {37},
	Pages = {961-971},
	Title = {Prospect {T}heory and {S}tochastic {M}ulticriteria {A}cceptability {A}nalysis ({SMAA})},
	Year = {2009}}

@article{passos2014,
	Author = {Passos, A.C. and Teixeira, M.G. and Garcia, K.C. and Cardoso, A.M. and Gomes, L.F.A.M.},
	Date-Added = {2014-08-21 04:48:20 +0000},
	Date-Modified = {2015-08-27 22:55:48 +0000},
	Journal = {Computers \& Operations Research},
	Number = {February},
	Pages = {40-48},
	Title = {Using the {TODIM-FSE} method as a decision-making support methodology for oil spill response},
	Volume = {42},
	Year = {2014}}

@inproceedings{wang2008,
	Author = {Wang, J.Q. and Sun, T.},
	Booktitle = {International Conference on Information Management, Innovation Management and Industrial Engineering, 2008. ICIII '08.},
	Date-Added = {2014-08-21 04:23:09 +0000},
	Date-Modified = {2014-09-22 20:30:25 +0000},
	Pages = {288 - 291},
	Publisher = {IEEE},
	Title = {Fuzzy Multiple Criteria Decision Making Method Based on {P}rospect {T}heory},
	Volume = {1},
	Year = {2008}}

@article{radojicic2013,
	Author = {Radojicic, M. and Zizovic, M. and Nesic, Z. and Vasovic, J.V.},
	Date-Added = {2014-08-21 04:11:12 +0000},
	Date-Modified = {2014-09-22 20:28:18 +0000},
	Journal = {Maejo International Journal of Science and Technology},
	Number = {3},
	Pages = {408-421},
	Title = {Modified approach to {PROMETHEE} for multi-criteria decision-making},
	Volume = {7},
	Year = {2013}}

@book{brans82,
	Author = {Brans, J.P.},
	Date-Added = {2014-08-18 04:13:25 +0000},
	Date-Modified = {2016-08-18 17:47:18 +0000},
	Publisher = {Presses de l'Universit{\'e} Laval},
	Title = {L'ing{\'e}nierie de la d{\'e}cision: {\'e}laboration d'instruments d'aide {\`a} la d{\'e}cision. La m{\'e}thode {PROMETH\'EE}},
	Year = {1982}}

@article{hartmann2010,
	Author = {Hartmann, D. and Pyka, A. and Hanusch, H.},
	Date-Added = {2014-08-18 02:47:15 +0000},
	Date-Modified = {2014-09-22 20:21:51 +0000},
	Journal = {Structural Change and Economic Dynamics},
	Number = {21},
	Pages = {70-83},
	Title = {Applying Comprehensive {N}eo-{S}chumpeterian Economics to {L}atin {A}merican Economies},
	Year = {2010}}

@inproceedings{lopez2006,
	Address = {Geneva},
	Author = {L{\'o}pez-Claros, A. and Blanke, L.. and Drezeniek, M. and Mia, I.},
	Booktitle = {World Economic Forum (2006) The Latin American Competitiveness Review 2006---Paving the Way for Regional Prosperity},
	Date-Added = {2014-08-18 02:45:17 +0000},
	Date-Modified = {2014-09-22 20:25:00 +0000},
	Editor = {World Economic Forum},
	Pages = {1-36},
	Title = {Assessing {L}atin {A}merican competitiveness: challenges and opportunities},
	Year = {2006}}

@article{arocena2005,
	Author = {Arocena, R. and Sutz, J.},
	Date-Added = {2014-08-18 02:43:52 +0000},
	Date-Modified = {2014-08-18 02:44:50 +0000},
	Journal = {International Journal of Technology and Globalisation},
	Number = {2},
	Pages = {209-224},
	Title = {Evolutionary learning in underdevelopment},
	Volume = {1},
	Year = {2005}}

@inproceedings{johnson2003,
	Address = {Rio de Janeiro, Brazil},
	Author = {Johnson, B. and Edquist, C. and Lundvall B.A.},
	Booktitle = {First Globelics Conference},
	Date-Added = {2014-08-18 02:41:23 +0000},
	Date-Modified = {2014-08-18 02:56:20 +0000},
	Month = {November 3-6},
	Title = {Economic development and the national system of innovation approach},
	Year = {2003}}

@inproceedings{hanusch2007b,
	Address = {Warsaw, Poland},
	Author = {Hanusch, H. and Pyka, A.},
	Booktitle = {{EU} Economic Development and Employment in the Context of the {L}isbon Strategy},
	Date-Added = {2014-08-18 02:36:02 +0000},
	Date-Modified = {2014-09-22 20:21:26 +0000},
	Editor = {F. Skarbek Graduate School of Business Economics},
	Title = {The {T}roika of Economic Growth and Development},
	Year = {2007}}

@inbook{hanusch2007a,
	Author = {Hanusch, H. and Pyka, A.},
	Chapter = {Applying a Comprehensive {N}eo-{S}chumpeterian Approach to {E}urope and its {L}isbon Agenda},
	Date-Added = {2014-08-18 02:32:52 +0000},
	Date-Modified = {2014-09-22 20:20:54 +0000},
	Editor = {Tilly, R. and Welfens, P. and Heise, M.},
	Pages = {275-300},
	Publisher = {Springer},
	Title = {50 Years of {EU} Dynamics, Integration, Financial Markets and Innovations},
	Year = {2007}}

@article{hanusch2006,
	Author = {Hanusch, H. and Pyka, A.},
	Date-Added = {2014-08-18 02:31:02 +0000},
	Date-Modified = {2014-09-22 20:22:01 +0000},
	Journal = {Galileu Revista de Economia e Direito},
	Month = {17-40},
	Number = {XI},
	Title = {Comprehensive {N}eo-{S}chumpeterian Economics and the {L}isbon-Agenda: Detecting Patterns of varying Future-Orientation in {E}urope},
	Year = {2006}}

@techreport{paredes-frigolett2014,
	Address = {https://fzid.uni-hohenheim.de/71978.html},
	Author = {Paredes-Frigolett, H. and Pyka, A. and Pereira, J. and Gomes, L.F.A.M.},
	Date-Added = {2014-08-18 02:26:57 +0000},
	Date-Modified = {2016-01-13 18:59:14 +0000},
	Institution = {Universit\"at Hohenheim},
	Number = {95-2014},
	Title = {Ranking the performance of national innovation systems in the {I}berian {P}eninsula and {L}atin {A}merica from a {N}eo-{S}chumpeterian economics perspective},
	Type = {FZID Discussion Papers},
	Year = {2014}}

@article{nobre1999,
	Author = {Nobre, F.F. and Trotta, L.T.F. and Gomes, L.F.A.M.},
	Date-Added = {2014-08-18 02:17:59 +0000},
	Date-Modified = {2014-08-18 02:58:16 +0000},
	Journal = {Statistics in Medicine},
	Number = {23},
	Pages = {3345-3354},
	Title = {Multi-criteria decision making -- an approach to setting priorities in health care},
	Volume = {18},
	Year = {1999}}

@article{gomes2010,
	Author = {Gomes, C.F.S. and Gomes, L.F.A.M. and Maranh{\~a}o, F.J.C.},
	Date-Added = {2014-08-18 02:16:32 +0000},
	Date-Modified = {2014-09-22 20:16:21 +0000},
	Journal = {Pesquisa Operacional},
	Number = {3},
	Pages = {601-617},
	Title = {Decision analysis for the exploration of gas reserves: merging {TODIM} and {THOR}},
	Volume = {30},
	Year = {2010}}

@article{rangel2011,
	Author = {Rangel, L.A.D. and Gomes, L.F.A.M. and Cardoso, F. P.},
	Date-Added = {2014-08-18 02:14:22 +0000},
	Date-Modified = {2014-09-22 20:29:25 +0000},
	Journal = {Pesquisa Operacional},
	Number = {2},
	Pages = {235-249},
	Title = {An application of the {TODIM} method to the evaluation of broadband {I}nternet plans},
	Volume = {31},
	Year = {2011}}

@article{rangel2009,
	Author = {Rangel, L.A.D. and Gomes, L.F.A.M. and Moreira, R.A.},
	Date-Added = {2014-08-18 02:12:53 +0000},
	Date-Modified = {2014-09-22 20:29:00 +0000},
	Journal = {Pesquisa Operacional},
	Number = {3},
	Pages = {577-590},
	Title = {Decision theory with multiple criteria: an application of {ELECTRE IV} and {TODIM} to {SEBRAE/RJ}},
	Volume = {29},
	Year = {2009}}

@article{gomes2009,
	Author = {Gomes, L.F.A. M. and Rangel, L.A.D. and Maranh{\~a}o, F.J.C.},
	Date-Added = {2014-08-18 02:10:52 +0000},
	Date-Modified = {2014-09-22 20:17:32 +0000},
	Journal = {Mathematical and Computer Modelling},
	Number = {1-2},
	Pages = {92-100},
	Title = {Multicriteria analysis of natural gas destination in Brazil: An application of the {TODIM} method},
	Volume = {50},
	Year = {2009}}

@article{moshkovich2011,
	Author = {Moshkovich, H. and Gomes, L.F.A.M. and Mechitov, A.I.},
	Date-Added = {2014-08-18 01:46:22 +0000},
	Date-Modified = {2014-09-22 20:25:56 +0000},
	Journal = {Pesquisa Operacional},
	Number = {1},
	Pages = {3-20},
	Title = {An integrated multicriteria decision-making approach to real estate evaluation: case of the {TODIM} method},
	Volume = {31},
	Year = {2011}}

@article{moshkovich2012,
	Author = {Moshkovich, H.M. and Gomes, L.F.A.M. and Mechitov, A.I. and Rangel, L.A.D.},
	Date-Added = {2014-08-18 01:43:19 +0000},
	Date-Modified = {2014-08-18 02:58:03 +0000},
	Journal = {Pesquisa Operacional},
	Number = {3},
	Pages = {263-275},
	Title = {Influence of models and scales on the ranking of multiattribute alternatives},
	Volume = {32},
	Year = {2012}}

@inproceedings{chen2010,
	Author = {Chen, F.D. and Zhang, X. and Kang, F. and Fan, Z.P. and Chen, X.},
	Booktitle = {2010 International Conference of Information Science and Management Engineering},
	Date-Added = {2014-08-18 01:40:41 +0000},
	Date-Modified = {2014-09-22 20:13:14 +0000},
	Pages = {453-456},
	Publisher = {IEEE Computer Society},
	Title = {A Method for Interval Multiple Attribute Decision Making With Loss Aversion},
	Year = {2010}}

@article{krohling2012,
	Author = {Krohling,R.A. and Souza, .T.M.},
	Date-Added = {2014-08-18 01:39:02 +0000},
	Date-Modified = {2014-09-22 20:23:15 +0000},
	Journal = {Expert Systems with Applications},
	Number = {13},
	Pages = {11487-11493},
	Title = {Combining {P}rospect {T}heory and fuzzy numbers to multi-criteria decision making},
	Volume = {39},
	Year = {2012}}

@article{lourenzutti2013,
	Author = {Lourenzutti, R. and Krohling,R.A.},
	Date-Added = {2014-08-18 01:37:22 +0000},
	Date-Modified = {2014-09-22 20:25:23 +0000},
	Journal = {Expert Systems with Applications},
	Number = {16},
	Pages = {6459-6468},
	Title = {A Study of {TODIM} in a Intuitionistic Fuzzy and Random Environment},
	Volume = {40},
	Year = {2013}}

@article{fan2013,
	Author = {Fan, Z.P. and Zhang, X. and Chen, F.D. and Liu, Y.},
	Date-Added = {2014-08-18 00:52:24 +0000},
	Date-Modified = {2014-09-22 20:15:51 +0000},
	Journal = {Knowledge-Based Systems},
	Month = {April},
	Pages = {40-48},
	Title = {Extended {TODIM} method for hybrid {MADM} problems},
	Volume = {42},
	Year = {2013}}

@article{brans85,
	Author = {Brans, J.P. and Vincke, P.},
	Date-Added = {2014-08-18 00:42:00 +0000},
	Date-Modified = {2014-09-22 20:02:12 +0000},
	Journal = {Management Science},
	Number = {6},
	Pages = {647-656},
	Title = {A Preference Ranking Organisation Method: (The {PROMETHEE} Method for Multiple Criteria Decision-Making)},
	Volume = {31},
	Year = {1985}}

@article{tversky92,
	Author = {Tversky, A. and Kahneman, D.},
	Date-Added = {2014-08-18 00:36:53 +0000},
	Date-Modified = {2014-09-22 20:30:00 +0000},
	Journal = {Journal of Risk and Uncertainty},
	Number = {4},
	Pages = {297-323},
	Title = {Advances in {P}rospect {T}heory, cumulative representation of uncertainty},
	Volume = {5},
	Year = {1992}}

@inbook{brans2005,
	Address = {New York},
	Author = {Brans, J.P and Mareschal, B.},
	Chapter = {PROMETHEE Methods},
	Date-Added = {2014-08-18 00:29:36 +0000},
	Date-Modified = {2014-09-22 19:58:26 +0000},
	Editor = {Figueira, J. and Greco, S. and Ehrgott, M.},
	Pages = {163-196},
	Publisher = {Springer},
	Series = {International Series in Operations Research \& Management Science},
	Title = {Multiple Criteria Decision Analysis: State of the Art Surveys},
	Volume = {78},
	Year = {2005}}

@book{roy96,
	Address = {Dordrecht},
	Author = {Roy, B.},
	Date-Added = {2014-08-17 20:23:43 +0000},
	Date-Modified = {2014-09-22 20:38:12 +0000},
	Publisher = {Kluwer Academic Publishers},
	Title = {Multicriteria methodology for decision aiding},
	Year = {1996}}

@techreport{R7,
	Author = {Wu, S. and Meixell, M.},
	Date-Added = {2014-05-17 22:08:24 +0000},
	Date-Modified = {2014-05-18 14:53:33 +0000},
	Institution = {IMSE , Lehigh University},
	Number = {98T-007},
	Title = {Relating demand behavior and production policies in the manufacturing supply chain},
	Year = {1998}}

@article{wu2006,
	Author = {Wu, D. Y. and Katok, E.},
	Date-Added = {2014-05-17 22:07:26 +0000},
	Date-Modified = {2014-05-18 14:51:42 +0000},
	Journal = {Journal of Operations Management},
	Number = {6},
	Pages = {839-850},
	Title = {Learning, communication, and the bullwhip effect},
	Volume = {24},
	Year = {2006}}

@article{R6,
	Author = {Warburton, R.},
	Date-Added = {2014-05-17 22:06:36 +0000},
	Date-Modified = {2014-05-17 22:07:24 +0000},
	Journal = {Production and Operations Management},
	Number = {2},
	Pages = {150-160},
	Title = {An analytical investigation of the bullwhip effect},
	Volume = {13},
	Year = {2004}}

@article{tversky1974,
	Author = {Tversky, A. and Kahneman, D.},
	Date-Added = {2014-05-17 22:05:36 +0000},
	Date-Modified = {2014-05-18 15:09:24 +0000},
	Journal = {Science},
	Number = {185},
	Pages = {1124-1131},
	Title = {Judgment under Uncertainty: Heuristics and Biases},
	Year = {1974}}

@article{tversky81,
	Author = {Tversky, A. and Kahneman, D.},
	Date-Added = {2014-05-17 22:04:34 +0000},
	Date-Modified = {2014-05-17 22:05:32 +0000},
	Journal = {Science},
	Number = {4481},
	Pages = {453-458},
	Title = {The Framing of Decisions and the Psychology of Choice},
	Volume = {211},
	Year = {1981}}

@inbook{R11,
	Author = {Takahashi, K. and Myreshka},
	Chapter = {The bullwhip effect and its suppression in supply chain management},
	Date-Added = {2014-05-17 22:03:17 +0000},
	Date-Modified = {2014-05-18 14:54:24 +0000},
	Editor = {H.~Dyckhoff, R.~L., Reese, J.},
	Pages = {245-266},
	Publisher = {Springer},
	Title = {Supply Chain Management and Reverse Logistics},
	Year = {2004}}

@article{R5,
	Author = {Takahashi, K. and Hiraki, S. and Soshiroda, M.},
	Date-Added = {2014-05-17 22:02:23 +0000},
	Date-Modified = {2014-05-18 14:50:22 +0000},
	Journal = {International Journal of Production Research},
	Number = {7},
	Pages = {1739-1752},
	Title = {Flexibility of production ordering systems},
	Volume = {32},
	Year = {1994}}

@techreport{sterman1991,
	Author = {Sterman, J. D. and Mosekilde, E. and Thomsen, J.S.},
	Date-Added = {2014-05-17 22:01:03 +0000},
	Date-Modified = {2014-05-18 14:49:23 +0000},
	Institution = {MIT Sloan School of Management},
	Number = {BPS-3241-91},
	Title = {Experimental evidence of deterministic chaos in human decision making behaviour},
	Year = {1991}}

@article{sterman1989,
	Author = {Sterman, J.},
	Date-Added = {2014-05-17 22:00:00 +0000},
	Date-Modified = {2014-05-17 22:01:02 +0000},
	Journal = {Management Science},
	Number = {3},
	Pages = {321-339},
	Title = {Modeling Managerial Behavior: Misperceptions of Feedback in a Dynamic Decision Making Experiment},
	Volume = {35},
	Year = {1989}}

@inbook{sterman2006,
	Author = {Sterman, J.},
	Chapter = {Operational and behavioral causes of supply chain instability},
	Date-Added = {2014-05-17 21:55:54 +0000},
	Date-Modified = {2014-05-17 21:59:52 +0000},
	Editor = {O. Carranza and F. Villegas,},
	Publisher = {Palgrave McMillan},
	Title = {The Bullwhip Effect in supply chains: a review of methods, components and cases},
	Year = {2006}}

@article{steckel2004,
	Author = {Steckel, J. H. and Gupta, S. and Banerji, A.},
	Date-Added = {2014-05-17 21:54:54 +0000},
	Date-Modified = {2014-05-18 14:54:17 +0000},
	Journal = {Management Science},
	Number = {4},
	Pages = {458-464},
	Title = {Supply chain decision making: Will shorter cycle times and shared point-of-sale information necessarily help?},
	Volume = {50},
	Year = {2004}}

@article{simon,
	Author = {Simon, H.},
	Date-Added = {2014-05-17 21:54:10 +0000},
	Date-Modified = {2014-05-17 21:54:53 +0000},
	Journal = {Quarterly Journal of Economics},
	Number = {1},
	Pages = {99-118},
	Title = {A Behavioral Model of Rational Choice},
	Volume = {69},
	Year = {1955}}

@article{sanfey2007,
	Author = {Sanfey, A.},
	Date-Added = {2014-05-17 21:51:14 +0000},
	Date-Modified = {2014-05-17 21:52:14 +0000},
	Journal = {Science},
	Number = {318},
	Pages = {598-602},
	Title = {Social Decision-Making: Insights from Game Theory and Neuroscience},
	Year = {2007}}

@article{R3,
	Author = {Muramatsu, R. and Ishi, K. and Takahashi, K.},
	Date-Added = {2014-05-17 21:49:17 +0000},
	Date-Modified = {2014-05-18 14:53:57 +0000},
	Journal = {International Journal of Production Research},
	Number = {4},
	Pages = {691-703},
	Title = {Some ways to increase flexibility in manufacturing systems},
	Volume = {23},
	Year = {1985}}

@inproceedings{pomerol,
	Author = {Pomerol, J.C. and Adam, F.},
	Booktitle = {Decision Support in an Uncertain and Complex World: The IFIP TC8/WG8.3 International Conference},
	Date-Added = {2014-05-17 21:46:10 +0000},
	Date-Modified = {2014-05-18 14:53:06 +0000},
	Title = {Practical Decision Making - From the Legacy of Herbert Simon to Decision Support Systems},
	Year = {2004}}

@inproceedings{pereira2001,
	Address = {Roterdam, Netherlands},
	Author = {Pereira, J. and Rivas, M.},
	Booktitle = {Proceedings of EURO 2001},
	Date-Added = {2014-05-17 21:44:59 +0000},
	Date-Modified = {2014-05-18 14:46:56 +0000},
	Title = {A multicriteria analysis of five ordering methods under high- variability and normal demand processes},
	Year = {2001}}

@inproceedings{pereira2013,
	Address = {Concepci\'on, Chile},
	Author = {Pereira, J. and Fuenzalida, R. and Paredes, F. and Fuentes, C.},
	Booktitle = {Proceedings of OPTIMA 2013},
	Date-Added = {2014-05-17 21:42:35 +0000},
	Date-Modified = {2014-05-18 14:52:30 +0000},
	Month = {October},
	Title = {Multicriteria performance evaluation of ordering methods},
	Year = {2013}}

@inbook{pereira2011,
	Author = {Pereira, J. and Ahumada, L. and Paredes, F.},
	Chapter = {Bullwhip-Effect and Flexibility in Supply Chain Management},
	Date-Added = {2014-05-17 21:39:51 +0000},
	Date-Modified = {2014-05-18 14:54:08 +0000},
	Editor = {Dilek Onkal},
	Publisher = {Intech Open Acces Publisher},
	Title = {Supply Chain},
	Year = {2011}}

@article{R24,
	Author = {Pereira, J. and Takahashi, K. and Ahumada, L. and Paredes, F.},
	Date-Added = {2014-05-17 21:38:42 +0000},
	Date-Modified = {2014-05-18 14:49:41 +0000},
	Journal = {International Journal of Production Research},
	Number = {22},
	Pages = {6357-6374},
	Title = {Flexibility dimensions to control bullwhip-effect in a supply chain},
	Volume = {47},
	Year = {2009}}

@article{R23,
	Author = {Pereira, J. and Paulre, B.},
	Date-Added = {2014-05-17 21:37:42 +0000},
	Date-Modified = {2014-05-18 14:50:11 +0000},
	Journal = {uropean Journal of Operational Research},
	Number = {1},
	Pages = {70-85},
	Title = {Flexibility in manufacturing systems: a relational and a dynamic approach},
	Volume = {130},
	Year = {2001}}

@proceedings{R12,
	Address = {Wellington, New Zealand},
	Author = {Pereira, J.},
	Booktitle = {17th International Conference of the System Dynamics Society and the 5th Australian and New Zealand Systems Conference},
	Date-Added = {2014-05-17 21:35:12 +0000},
	Date-Modified = {2014-05-18 14:50:04 +0000},
	Editor = {Cavana, R. and Vennix, J. and Rouwette, E. and Stevenson-Wright, M. and Candlish, J.},
	Organization = {System Dynamics Society},
	Pages = {63-75},
	Title = {Flexibility in manufacturing processes: a relational, dynamic and multidimensional approach},
	Year = {1999}}

@phdthesis{R25,
	Author = {Pereira, J.},
	Date-Added = {2014-05-17 21:33:27 +0000},
	Date-Modified = {2014-05-17 21:34:42 +0000},
	Month = {October},
	School = {Universit\'e Paris-Dauphine, France},
	Title = {Flexibilit\'{e} dans les syst\`{e}mes de production: analyse et \'{e}valuation par simulation},
	Year = {1995}}

@inproceedings{Oliva,
	Author = {Oliva, R. and Gon\c calves,P.},
	Booktitle = {Proceedings of International System Dynamics Conference},
	Date-Added = {2014-05-17 21:00:33 +0000},
	Date-Modified = {2014-05-18 14:47:10 +0000},
	Month = {July},
	Title = {Behavioral Causes of Demand Amplification in Supply Chains: ``Satisficing'' Policies with Limited Information Cues},
	Year = {2005}}

@article{martinez2007,
	Author = {Martinez-Selva, J. M. and Sanchez-Navarro, J. P. and Bechara, A. and Roman, F.},
	Date-Added = {2014-05-17 20:58:58 +0000},
	Date-Modified = {2014-05-18 14:48:48 +0000},
	Journal = {Rev Neurol.},
	Number = {7},
	Pages = {411-418},
	Title = {Brain mechanisms involved in decision-making},
	Volume = {42},
	Year = {2007}}

@article{R2,
	Author = {Lee, H. and So, K. and Tang, C.},
	Date-Added = {2014-05-17 20:54:32 +0000},
	Date-Modified = {2014-05-18 14:54:48 +0000},
	Journal = {Management Science},
	Number = {5},
	Pages = {626-643},
	Title = {The value of information sharing in a two-level supply chain},
	Volume = {46},
	Year = {2000}}

@article{R8,
	Author = {Lee, H. and Padmanabhan, P. and Whang, S.},
	Date-Added = {2014-05-17 20:52:06 +0000},
	Date-Modified = {2014-05-18 14:51:03 +0000},
	Journal = {Management Science},
	Number = {4},
	Pages = {546-558},
	Title = {Information distortion in a supply chain: the bullwhip-effect},
	Volume = {43},
	Year = {1997}}

@article{kahneman1979,
	Author = {Kahneman, D. and Tversky, A.},
	Date-Added = {2014-05-17 20:49:50 +0000},
	Date-Modified = {2014-09-22 20:22:39 +0000},
	Journal = {Econometrica},
	Number = {2},
	Pages = {263-291},
	Title = {{P}rospect {T}heory: An Analysis of Decisions under Risk},
	Volume = {47},
	Year = {1979}}

@inbook{kahneman2002,
	Author = {Kahneman, D. and Frederick, S.},
	Chapter = {Representativeness Revisited: Attribute Substitution in Intuitive Judgment},
	Date-Added = {2014-05-17 20:47:07 +0000},
	Date-Modified = {2014-08-18 02:56:41 +0000},
	Editor = {Gilovich, T and Griffin, D and Kahneman, D.},
	Pages = {49-81},
	Publisher = {Cambridge University Press},
	Title = {Heuristics and biases: The psychology of intuitive thought},
	Year = {2002}}

@article{kahneman2003,
	Author = {Kahneman, D.},
	Date-Added = {2014-05-17 20:38:34 +0000},
	Date-Modified = {2014-05-18 14:51:51 +0000},
	Journal = {The American Economic Review},
	Number = {5},
	Pages = {1449-1475},
	Title = {Maps of Bounded Rationality: Psychology for Behavioral Economics},
	Volume = {93},
	Year = {2003}}

@article{hewig2011,
	Author = {Hewig J. and Kretschmer N. and Trippe R. H. and Hecht, H. and Coles, M. G. and Holroyd, C. B.},
	Date-Added = {2014-05-17 20:37:12 +0000},
	Date-Modified = {2014-05-18 14:55:48 +0000},
	Journal = {Psychophysiology},
	Number = {48},
	Pages = {507-514},
	Title = {Why humans deviate from rational choice},
	Year = {2011}}

@article{R10,
	Author = {Geary, D. and Disney, S. and Towill, D.R.},
	Date-Added = {2014-05-17 14:27:39 +0000},
	Date-Modified = {2014-05-18 14:52:41 +0000},
	Journal = {International Journal of Production Research},
	Number = {1},
	Pages = {2-18},
	Title = {On bullwhip in supply chains - historical review, present practice and expected future impact},
	Volume = {101},
	Year = {2006}}

@book{forrester,
	Address = {Cambridge, MA, USA},
	Author = {Forrester, J.},
	Date-Added = {2014-05-17 14:22:39 +0000},
	Date-Modified = {2014-05-17 14:27:32 +0000},
	Publisher = {The MIT Press},
	Title = {Industrial dynamics},
	Year = {1969}}

@article{croson2013,
	Author = {Croson, R. and Donohue, K. and Katok, E. and Sterman, J.},
	Date-Added = {2014-05-16 20:08:19 +0000},
	Date-Modified = {2014-05-18 14:52:57 +0000},
	Journal = {Production and Operations Management},
	Number = {2},
	Pages = {176-196},
	Title = {Order stability in supply chains: Coordination risk and the role of coordination stock},
	Volume = {23},
	Year = {2013}}

@article{croson2003,
	Author = {Croson, R. and Donohue, K.},
	Date-Added = {2014-05-16 20:04:42 +0000},
	Date-Modified = {2014-05-18 14:50:46 +0000},
	Journal = {Production and Operations management},
	Number = {1},
	Pages = {1-11},
	Title = {Impact of POS data sharing on supply chain management: an experimental study},
	Volume = {12},
	Year = {2003}}

@article{croson2005,
	Author = {Croson, R. and Donohue, K.},
	Date-Added = {2014-05-16 20:03:35 +0000},
	Date-Modified = {2014-05-18 14:54:55 +0000},
	Journal = {System Dynamics Review},
	Number = {3},
	Pages = {249-260},
	Title = {Upstream versus downstream information and its impact on the bullwhip effect},
	Volume = {21},
	Year = {2005}}

@article{croson2006,
	Author = {Croson, R. and Donohue, K.},
	Date-Added = {2014-05-16 20:02:30 +0000},
	Date-Modified = {2014-05-18 14:48:20 +0000},
	Journal = {Management Science},
	Number = {3},
	Pages = {323-336},
	Title = {Behavioral causes of the bullwhip effect and the observed value of inventory information},
	Volume = {52},
	Year = {2006}}

@article{R9,
	Author = {Chen, F. and Drezner, Z. and Ryan, J. and Simchi-Levi, D.},
	Date-Added = {2014-05-16 20:01:22 +0000},
	Date-Modified = {2014-05-18 14:53:26 +0000},
	Journal = {Management Science},
	Number = {3},
	Pages = {436-443},
	Title = {Quantifying the bullwhip effect in a simple supply chain: The impact of forecasting, lead times, and information},
	Volume = {46},
	Year = {2000}}

@book{bouyssou,
	Author = {Bouyssou, D. and Marchant, T. and Pirlot, M. and Perny, P. and Tsoukias, A. and Vincke, P.},
	Date-Added = {2014-05-16 19:59:18 +0000},
	Date-Modified = {2014-05-18 14:49:12 +0000},
	Publisher = {Springer-Verlag},
	Series = {International Series in Operations Research \& Management Science},
	Title = {Evaluation and Decision Models},
	Volume = {32},
	Year = {2006}}

@article{bechara1994,
	Author = {Bechara, A. and Damasio, A. R. and Damasio, H. and Anderson, S.W.},
	Date-Added = {2014-05-16 19:54:40 +0000},
	Date-Modified = {2014-05-18 14:51:24 +0000},
	Journal = {Cognition},
	Number = {50},
	Pages = {7-15},
	Title = {Insensitivity to future consequences following damage to human prefrontal cortex},
	Year = {1994}}
