%% This BibTeX bibliography file was created using BibDesk.
%% http://bibdesk.sourceforge.net/


%% Created for Javier Pereira at 2017-01-31 13:46:13 -0600 


%% Saved with string encoding Unicode (UTF-8) 



@article{xu2013,
	Author = {Xu, J. and Wang, Y. and Tao, Z.},
	Date-Added = {2017-01-16 17:54:37 +0000},
	Date-Modified = {2017-01-16 17:56:52 +0000},
	Journal = {Knowledge-Based Systems},
	Month = {July},
	Pages = {54-68},
	Title = {Rough approximation based strategy model between a green building developer and a contractor under a fuzzy environment},
	Volume = {46},
	Year = {2013}}

@article{tseng2012,
	Author = {Tseng, M. and Tan, K. and Lin, R. and Geng, Y.},
	Date-Added = {2017-01-16 17:49:52 +0000},
	Date-Modified = {2017-01-16 17:54:33 +0000},
	Journal = {Knowledge-Based Systems},
	Title = {Multicriteria analysis of green supply chain management using interval-valued fuzzy {TODIM}},
	Year = {2012}}

@inproceedings{desouza2012,
	Author = {de Souza, T. and Krohling,R.A.},
	Booktitle = {Congreso Latino-Iberoamericano de Investigaci\'on Operativa},
	Date-Added = {2017-01-16 17:46:54 +0000},
	Date-Modified = {2017-01-16 17:48:46 +0000},
	Title = {Fuzzy {TODIM} for group decision making},
	Year = {2012}}

@article{sen2016,
	Author = {Sen, D.K. and Datta, S. and Mahapatra, S.S.},
	Date-Added = {2016-11-16 00:28:40 +0000},
	Date-Modified = {2016-11-16 00:33:39 +0000},
	Journal = {Asia-Pacific Journal of Operational Research},
	Number = {5},
	Pages = {1650033},
	Title = {A {TODIM}-Based Decision Support Framework for {G-Resilient} Supplier Selection in Fuzzy Environment},
	Volume = {33},
	Year = {2016}}

@article{tosun2015,
	Author = {Tosun, {\"O} and Aky\"uz, G.},
	Date-Added = {2016-11-16 00:24:53 +0000},
	Date-Modified = {2016-11-16 01:16:45 +0000},
	Journal = {International Journal of Computational Intelligence Systems},
	Number = {2},
	Pages = {317-329},
	Title = {A Fuzzy {TODIM} Approach for the Supplier Selection Problem},
	Volume = {8},
	Year = {2015}}

@article{shyur2015,
	Author = {Shyur, H. and Yin, L. and Shih, H. and Cheng, C.},
	Date-Added = {2016-09-26 18:12:11 +0000},
	Date-Modified = {2016-09-26 18:14:58 +0000},
	Journal = {Foundations of Computing and Decision Sciences},
	Number = {4},
	Pages = {299-315},
	Title = {A multiple criteria decision making method based on relative value distances},
	Volume = {40},
	Year = {2015}}

@article{khamseh2014,
	Author = {Khamseh, A. A. and Mahmoodi, M.},
	Date-Added = {2016-09-15 22:18:55 +0000},
	Date-Modified = {2016-09-15 22:20:46 +0000},
	Journal = {Advances in Fuzzy Systems},
	Number = {Article ID 841405},
	Title = {A New Fuzzy {TOPSIS-TODIM} Hybrid Method for Green Supplier Selection Using Fuzzy Time Function},
	Volume = {2014},
	Year = {2014}}

@article{pereira2016,
	Author = {Pereira, J. and Gomes, L.F.A.M. and Paredes, F. and Paredes-Frigolett, H.},
	Date-Added = {2016-04-07 02:33:14 +0000},
	Date-Modified = {2016-04-07 02:34:18 +0000},
	Journal = {Submitted},
	Title = {Modelling imprecision and uncertainty in a {MCDA} method inspired on {P}rospect {T}heory},
	Year = {2016}}

@article{grabisch2010,
	Author = {Grabisch, M. and Labreuche, C.},
	Date-Added = {2016-01-12 23:46:55 +0000},
	Date-Modified = {2016-01-13 18:47:30 +0000},
	Journal = {Annals of Operations Research},
	Number = {1},
	Pages = {247-290},
	Title = {A decade of application of the {C}hoquet and {S}ugeno integrals in multi-criteria decision aid},
	Volume = {175},
	Year = {2010}}

@article{gomes2013,
	Author = {Gomes, L. F. A. M. and Machado, M.A.S. and Gonz\'alez, X.I. and Rangel, L.A.D},
	Date-Added = {2016-01-12 22:16:55 +0000},
	Date-Modified = {2016-11-16 15:03:32 +0000},
	Journal = {Annals of Operations Research},
	Number = {1},
	Pages = {531-548},
	Title = {Behavioral Multi-criteria Decision Analysis: the {TODIM} Method with Criteria Interactions},
	Volume = {211},
	Year = {2013}}

@article{sang2015,
	Author = {Sang, X. and Liu, X.},
	Date-Added = {2016-01-12 00:15:34 +0000},
	Date-Modified = {2016-01-13 18:51:02 +0000},
	Journal = {Journal of the Operational Research Society},
	Pages = {doi:10.1057/jors.2015.86},
	Title = {An interval type-2 fuzzy sets-based {TODIM} method and its application to green supplier selection},
	Year = {2015}}

@article{tan2015,
	Author = {Tan, C. and Jiang, Z-Z. and Chen, X.},
	Date-Added = {2016-01-12 00:04:32 +0000},
	Date-Modified = {2016-01-13 18:49:44 +0000},
	Journal = {Journal of Intelligent and Fuzzy Systems},
	Number = {1},
	Pages = {293-305},
	Title = {An extended {TODIM} method for hesitant fuzzy interactive multicriteria decision making based on generalized {C}hoquet integral},
	Volume = {29},
	Year = {2015}}

@article{wang2016,
	Author = {Wang, F. and Li, H.},
	Date-Added = {2016-01-11 23:58:39 +0000},
	Date-Modified = {2016-01-13 18:50:17 +0000},
	Journal = {Journal of Systems Engineering and Electronics},
	Number = {5},
	Pages = {1023-1030},
	Title = {Novel method for hybrid multiple attribute decision making based on {TODIM} method},
	Volume = {26},
	Year = {2015}}

@inproceedings{cite-key,
	Author = {Chen, F.D. and Z},
	Booktitle = {2010 International Conference of Information Science and Management Engineering},
	Date-Added = {2016-01-11 23:54:45 +0000},
	Date-Modified = {2016-01-11 23:55:37 +0000},
	Title = {A Method for Interval Multiple Attribute Decision Making With Loss Aversion},
	Year = {2010}}

@article{liu2014,
	Author = {Liu, P. and Teng, F.},
	Date-Added = {2016-01-11 23:43:14 +0000},
	Date-Modified = {2016-01-11 23:45:42 +0000},
	Journal = {Complexity},
	Number = {2},
	Pages = {doi: 10.1002/cplx.21625},
	Title = {An extended TODIM method for multiple attribute group decision-making based on {2-}dimension uncertain linguistic variable},
	Volume = {29},
	Year = {2014}}

@article{tversky1969,
	Author = {Tversky, A.},
	Date-Added = {2015-11-04 00:42:31 +0000},
	Date-Modified = {2015-11-04 00:43:42 +0000},
	Journal = {Psychological Review},
	Number = {1},
	Pages = {31-48},
	Title = {Intransitivity of preferences},
	Volume = {76},
	Year = {1969}}

@inbook{bouyssou1989,
	Author = {Bouyssou, D.},
	Chapter = {Modelling Inaccurate Determination, Uncertainty, Imprecision Using Multiple Criteria},
	Date-Added = {2015-11-02 18:41:46 +0000},
	Date-Modified = {2015-11-02 18:45:15 +0000},
	Editor = {Lockett, A.G. and Islei, G.},
	Pages = {78-87},
	Publisher = {Springer Berlin Heidelberg},
	Series = {Lecture Notes in Economics and Mathematical Systems},
	Title = {Improving Decision Making in Organisations},
	Volume = {335},
	Year = {1989}}

@inbook{figueira2005,
	Author = {Figueira, J. and Mousseau,V and Roy, B.},
	Chapter = {{ELECTRE} methods},
	Date-Added = {2015-10-12 22:05:49 +0000},
	Date-Modified = {2015-10-12 22:08:09 +0000},
	Editor = {Figueira, J. and Greco, S. and Ehrgott, M.},
	Pages = {133-153},
	Publisher = {Springer},
	Title = {Multiple criteria decision analysis: state of the art surveys},
	Year = {2005}}

@inbook{bouyssou2001,
	Author = {Bouyssou, D.},
	Date-Added = {2015-10-12 20:44:44 +0000},
	Date-Modified = {2015-10-12 21:56:51 +0000},
	Editor = {Floudas, C.A. and Pardalos, P.M.},
	Pages = {249-255},
	Publisher = {Kluwer},
	Title = {Outranking Methods},
	Volume = {4},
	Year = {2001}}

@article{bouyssou1996,
	Author = {Bouyssou, D.},
	Date-Added = {2015-10-07 22:37:49 +0000},
	Date-Modified = {2015-10-07 22:38:53 +0000},
	Journal = {Journal of Multi-Criteria Decision Analysis},
	Number = {2},
	Pages = {99-111},
	Title = {Outranking Relations: Do They Have Special Properties?},
	Volume = {5},
	Year = {1996}}

@phdthesis{bozkurt2007,
	Author = {Bozkurt, A.},
	Date-Added = {2015-10-05 23:34:47 +0000},
	Date-Modified = {2015-10-05 23:35:45 +0000},
	School = {Middle East Technical University, Ankara, Turkey},
	Title = {Multi-Criteria Decision Making with Interdependent Criteria Using Prospect Theory},
	Year = {2007}}

@phdthesis{lade2013,
	Author = {Lade, O.O.},
	Date-Added = {2015-10-02 16:16:44 +0000},
	Date-Modified = {2015-10-02 16:20:12 +0000},
	School = {University of Wolverhampton},
	Title = {A multi-criteria decision analysis framework for sustainable rainwater harvesting systems in {Ibadan}, {Nigeria}},
	Year = {2013}}

@article{garcia2010,
	Author = {Garcia, F. and Guijarro, F. and Moya, I.},
	Date-Added = {2015-10-02 15:22:29 +0000},
	Date-Modified = {2015-10-02 15:23:31 +0000},
	Journal = {Computers \& Operations Research},
	Number = {37},
	Pages = {1597-1609},
	Title = {A goal programming approach to estimating performance weights for ranking firms},
	Year = {2010}}

@article{betrie2013,
	Author = {Betrie, G.D. and Sadiq, R. and Morin, K.A. and Tesfamariam, S.},
	Date-Added = {2015-10-02 15:14:44 +0000},
	Date-Modified = {2015-10-02 15:16:17 +0000},
	Journal = {Journal of Environmental Management},
	Number = {119},
	Pages = {36-46},
	Title = {Selection of remedial alternatives for mine sites: A multicriteria decision analysis approach},
	Year = {2013}}

@article{gomes2009b,
	Author = {Gomes, L. F. A. M. and Rangel, L.A.D and Moreira, R.A.},
	Date-Added = {2015-08-27 23:14:18 +0000},
	Date-Modified = {2015-08-27 23:17:24 +0000},
	Journal = {Foundations of Computing and Decision Sciences},
	Number = {155-172},
	Title = {Using {ELECTRE IV} in the promotion of social and economic development: A case study in {R}io de {J}aneiro.},
	Volume = {34},
	Year = {2009}}

@article{tervonen2008,
	Author = {Tervonen, T. and Figueira, J.},
	Date-Added = {2015-08-07 21:24:53 +0000},
	Date-Modified = {2015-08-28 02:40:31 +0000},
	Journal = {Journal of Multi-Criteria Decision Analysis},
	Number = {15},
	Pages = {1-14},
	Title = {A Survey on {Stochastic Multicriteria Acceptability Analysis Methods}},
	Year = {2008}}

@incollection{Aissi2010-ka,
	Author = {Aissi, H. and Roy, B.},
	Booktitle = {Trends in Multiple Criteria Decision Analysis},
	Date-Added = {2014-09-09 20:25:04 +0000},
	Date-Modified = {2014-09-22 19:54:40 +0000},
	Editor = {Ehrgott, M. and Figueira, J. and Greco, S.},
	Pages = {87--121},
	Publisher = {Springer US},
	Series = {International Series in Operations Research \&amp; Management Science},
	Title = {Robustness in Multi-criteria Decision Aiding},
	Year = {2010}}

@book{chen2002,
	Address = {Thousand Oaks},
	Author = {Chen, P.Y. and Popovich, P.M.},
	Date-Added = {2014-09-08 21:56:16 +0000},
	Date-Modified = {2014-09-08 21:57:24 +0000},
	Publisher = {Sage},
	Title = {Correlation: Parametric and nonparametric measures},
	Year = {2002}}

@book{pomerol2000,
	Address = {Boston},
	Author = {Pomerol, J-Ch. and Barba-Romero, S.},
	Date-Added = {2014-08-25 01:27:04 +0000},
	Date-Modified = {2014-08-25 14:49:56 +0000},
	Publisher = {Kluwer},
	Title = {Multicriterion Decision in Management: principles and practices.},
	Year = {2000}}

@article{gomes2012,
	Author = {Gomes, L.F.A.M. and Gonz{\'a}lez, X.I.},
	Date-Added = {2014-08-24 04:25:51 +0000},
	Date-Modified = {2014-09-22 20:17:07 +0000},
	Journal = {Foundations of Computing and Decision Sciences},
	Number = {1},
	Pages = {3-8},
	Title = {Behavioural Multi-Criteria Decision Analysis: Further Elaborations on the {TODIM} Method},
	Volume = {37},
	Year = {2012}}

@article{lahdelmaa2009,
	Author = {Lahdelmaa, R. and Salminen, P.},
	Date-Added = {2014-08-22 20:36:11 +0000},
	Date-Modified = {2014-09-22 20:24:24 +0000},
	Journal = {Omega},
	Number = {37},
	Pages = {961-971},
	Title = {Prospect {T}heory and {S}tochastic {M}ulticriteria {A}cceptability {A}nalysis ({SMAA})},
	Year = {2009}}

@article{passos2014,
	Author = {Passos, A.C. and Teixeira, M.G. and Garcia, K.C. and Cardoso, A.M. and Gomes, L.F.A.M.},
	Date-Added = {2014-08-21 04:48:20 +0000},
	Date-Modified = {2015-08-27 22:55:48 +0000},
	Journal = {Computers \& Operations Research},
	Number = {February},
	Pages = {40-48},
	Title = {Using the {TODIM-FSE} method as a decision-making support methodology for oil spill response},
	Volume = {42},
	Year = {2014}}

@inproceedings{wang2008,
	Author = {Wang, J.Q. and Sun, T.},
	Booktitle = {International Conference on Information Management, Innovation Management and Industrial Engineering, 2008. ICIII '08.},
	Date-Added = {2014-08-21 04:23:09 +0000},
	Date-Modified = {2014-09-22 20:30:25 +0000},
	Pages = {288 - 291},
	Publisher = {IEEE},
	Title = {Fuzzy Multiple Criteria Decision Making Method Based on {P}rospect {T}heory},
	Volume = {1},
	Year = {2008}}

@article{radojicic2013,
	Author = {Radojicic, M. and Zizovic, M. and Nesic, Z. and Vasovic, J.V.},
	Date-Added = {2014-08-21 04:11:12 +0000},
	Date-Modified = {2014-09-22 20:28:18 +0000},
	Journal = {Maejo International Journal of Science and Technology},
	Number = {3},
	Pages = {408-421},
	Title = {Modified approach to {PROMETHEE} for multi-criteria decision-making},
	Volume = {7},
	Year = {2013}}

@book{brans82,
	Author = {Brans, J.P.},
	Date-Added = {2014-08-18 04:13:25 +0000},
	Date-Modified = {2014-08-18 04:14:18 +0000},
	Publisher = {Presses de l'Universit{\'e} Laval},
	Title = {L'ing{\'e}nierie de la d{\'e}cision: {\'e}laboration d'instruments d'aide {\`a} la d{\'e}cision. La m{\'e}thode PROMETHEE},
	Year = {1982}}

@article{hartmann2010,
	Author = {Hartmann, D. and Pyka, A. and Hanusch, H.},
	Date-Added = {2014-08-18 02:47:15 +0000},
	Date-Modified = {2014-09-22 20:21:51 +0000},
	Journal = {Structural Change and Economic Dynamics},
	Number = {21},
	Pages = {70-83},
	Title = {Applying Comprehensive {N}eo-{S}chumpeterian Economics to {L}atin {A}merican Economies},
	Year = {2010}}

@inproceedings{lopez2006,
	Address = {Geneva},
	Author = {L{\'o}pez-Claros, A. and Blanke, L.. and Drezeniek, M. and Mia, I.},
	Booktitle = {World Economic Forum (2006) The Latin American Competitiveness Review 2006---Paving the Way for Regional Prosperity},
	Date-Added = {2014-08-18 02:45:17 +0000},
	Date-Modified = {2014-09-22 20:25:00 +0000},
	Editor = {World Economic Forum},
	Pages = {1-36},
	Title = {Assessing {L}atin {A}merican competitiveness: challenges and opportunities},
	Year = {2006}}

@article{arocena2005,
	Author = {Arocena, R. and Sutz, J.},
	Date-Added = {2014-08-18 02:43:52 +0000},
	Date-Modified = {2014-08-18 02:44:50 +0000},
	Journal = {International Journal of Technology and Globalisation},
	Number = {2},
	Pages = {209-224},
	Title = {Evolutionary learning in underdevelopment},
	Volume = {1},
	Year = {2005}}

@inproceedings{johnson2003,
	Address = {Rio de Janeiro, Brazil},
	Author = {Johnson, B. and Edquist, C. and Lundvall B.A.},
	Booktitle = {First Globelics Conference},
	Date-Added = {2014-08-18 02:41:23 +0000},
	Date-Modified = {2014-08-18 02:56:20 +0000},
	Month = {November 3-6},
	Title = {Economic development and the national system of innovation approach},
	Year = {2003}}

@inproceedings{hanusch2007b,
	Address = {Warsaw, Poland},
	Author = {Hanusch, H. and Pyka, A.},
	Booktitle = {{EU} Economic Development and Employment in the Context of the {L}isbon Strategy},
	Date-Added = {2014-08-18 02:36:02 +0000},
	Date-Modified = {2014-09-22 20:21:26 +0000},
	Editor = {F. Skarbek Graduate School of Business Economics},
	Title = {The {T}roika of Economic Growth and Development},
	Year = {2007}}

@inbook{hanusch2007a,
	Author = {Hanusch, H. and Pyka, A.},
	Chapter = {Applying a Comprehensive {N}eo-{S}chumpeterian Approach to {E}urope and its {L}isbon Agenda},
	Date-Added = {2014-08-18 02:32:52 +0000},
	Date-Modified = {2014-09-22 20:20:54 +0000},
	Editor = {Tilly, R. and Welfens, P. and Heise, M.},
	Pages = {275-300},
	Publisher = {Springer},
	Title = {50 Years of {EU} Dynamics, Integration, Financial Markets and Innovations},
	Year = {2007}}

@article{hanusch2006,
	Author = {Hanusch, H. and Pyka, A.},
	Date-Added = {2014-08-18 02:31:02 +0000},
	Date-Modified = {2014-09-22 20:22:01 +0000},
	Journal = {Galileu Revista de Economia e Direito},
	Month = {17-40},
	Number = {XI},
	Title = {Comprehensive {N}eo-{S}chumpeterian Economics and the {L}isbon-Agenda: Detecting Patterns of varying Future-Orientation in {E}urope},
	Year = {2006}}

@techreport{paredes-frigolett2014,
	Address = {https://fzid.uni-hohenheim.de/71978.html},
	Author = {Paredes-Frigolett, H. and Pyka, A. and Pereira, J. and Gomes, L.F.A.M.},
	Date-Added = {2014-08-18 02:26:57 +0000},
	Date-Modified = {2016-01-13 18:59:14 +0000},
	Institution = {Universit\"at Hohenheim},
	Number = {95-2014},
	Title = {Ranking the performance of national innovation systems in the {I}berian {P}eninsula and {L}atin {A}merica from a {N}eo-{S}chumpeterian economics perspective},
	Type = {FZID Discussion Papers},
	Year = {2014}}

@article{nobre1999,
	Author = {Nobre, F.F. and Trotta, L.T.F. and Gomes, L.F.A.M.},
	Date-Added = {2014-08-18 02:17:59 +0000},
	Date-Modified = {2014-08-18 02:58:16 +0000},
	Journal = {Statistics in Medicine},
	Number = {23},
	Pages = {3345-3354},
	Title = {Multi-criteria decision making -- an approach to setting priorities in health care},
	Volume = {18},
	Year = {1999}}

@article{gomes2010,
	Author = {Gomes, C.F.S. and Gomes, L.F.A.M. and Maranh{\~a}o, F.J.C.},
	Date-Added = {2014-08-18 02:16:32 +0000},
	Date-Modified = {2014-09-22 20:16:21 +0000},
	Journal = {Pesquisa Operacional},
	Number = {3},
	Pages = {601-617},
	Title = {Decision analysis for the exploration of gas reserves: merging {TODIM} and {THOR}},
	Volume = {30},
	Year = {2010}}

@article{rangel2011,
	Author = {Rangel, L.A.D. and Gomes, L.F.A.M. and Cardoso, F. P.},
	Date-Added = {2014-08-18 02:14:22 +0000},
	Date-Modified = {2014-09-22 20:29:25 +0000},
	Journal = {Pesquisa Operacional},
	Number = {2},
	Pages = {235-249},
	Title = {An application of the {TODIM} method to the evaluation of broadband {I}nternet plans},
	Volume = {31},
	Year = {2011}}

@article{rangel2009,
	Author = {Rangel, L.A.D. and Gomes, L.F.A.M. and Moreira, R.A.},
	Date-Added = {2014-08-18 02:12:53 +0000},
	Date-Modified = {2014-09-22 20:29:00 +0000},
	Journal = {Pesquisa Operacional},
	Number = {3},
	Pages = {577-590},
	Title = {Decision theory with multiple criteria: an application of {ELECTRE IV} and {TODIM} to {SEBRAE/RJ}},
	Volume = {29},
	Year = {2009}}

@article{gomes2009,
	Author = {Gomes, L.F.A. M. and Rangel, L.A.D. and Maranh{\~a}o, F.J.C.},
	Date-Added = {2014-08-18 02:10:52 +0000},
	Date-Modified = {2014-09-22 20:17:32 +0000},
	Journal = {Mathematical and Computer Modelling},
	Number = {1-2},
	Pages = {92-100},
	Title = {Multicriteria analysis of natural gas destination in Brazil: An application of the {TODIM} method},
	Volume = {50},
	Year = {2009}}

@article{moshkovich2011,
	Author = {Moshkovich, H. and Gomes, L.F.A.M. and Mechitov, A.I.},
	Date-Added = {2014-08-18 01:46:22 +0000},
	Date-Modified = {2014-09-22 20:25:56 +0000},
	Journal = {Pesquisa Operacional},
	Number = {1},
	Pages = {3-20},
	Title = {An integrated multicriteria decision-making approach to real estate evaluation: case of the {TODIM} method},
	Volume = {31},
	Year = {2011}}

@article{moshkovich2012,
	Author = {Moshkovich, H.M. and Gomes, L.F.A.M. and Mechitov, A.I. and Rangel, L.A.D.},
	Date-Added = {2014-08-18 01:43:19 +0000},
	Date-Modified = {2014-08-18 02:58:03 +0000},
	Journal = {Pesquisa Operacional},
	Number = {3},
	Pages = {263-275},
	Title = {Influence of models and scales on the ranking of multiattribute alternatives},
	Volume = {32},
	Year = {2012}}

@inproceedings{chen2010,
	Author = {Chen, F.D. and Zhang, X. and Kang, F. and Fan, Z.P. and Chen, X.},
	Booktitle = {2010 International Conference of Information Science and Management Engineering},
	Date-Added = {2014-08-18 01:40:41 +0000},
	Date-Modified = {2014-09-22 20:13:14 +0000},
	Pages = {453-456},
	Publisher = {IEEE Computer Society},
	Title = {A Method for Interval Multiple Attribute Decision Making With Loss Aversion},
	Year = {2010}}

@article{krohling2012,
	Author = {Krohling,R.A. and Souza, .T.M.},
	Date-Added = {2014-08-18 01:39:02 +0000},
	Date-Modified = {2014-09-22 20:23:15 +0000},
	Journal = {Expert Systems with Applications},
	Number = {13},
	Pages = {11487-11493},
	Title = {Combining {P}rospect {T}heory and fuzzy numbers to multi-criteria decision making},
	Volume = {39},
	Year = {2012}}

@article{lourenzutti2013,
	Author = {Lourenzutti, R. and Krohling,R.A.},
	Date-Added = {2014-08-18 01:37:22 +0000},
	Date-Modified = {2014-09-22 20:25:23 +0000},
	Journal = {Expert Systems with Applications},
	Number = {16},
	Pages = {6459-6468},
	Title = {A Study of {TODIM} in a Intuitionistic Fuzzy and Random Environment},
	Volume = {40},
	Year = {2013}}

@article{fan2013,
	Author = {Fan, Z.P. and Zhang, X. and Chen, F.D. and Liu, Y.},
	Date-Added = {2014-08-18 00:52:24 +0000},
	Date-Modified = {2014-09-22 20:15:51 +0000},
	Journal = {Knowledge-Based Systems},
	Month = {April},
	Pages = {40-48},
	Title = {Extended {TODIM} method for hybrid {MADM} problems},
	Volume = {42},
	Year = {2013}}

@article{gomes92,
	Author = {Gomes, L.F.A.M. and Lima, M.M.P.P.},
	Date-Added = {2014-08-18 00:50:19 +0000},
	Date-Modified = {2014-09-22 20:18:37 +0000},
	Journal = {Foundations of Computing and Decision Sciences},
	Number = {3},
	Pages = {171-184},
	Title = {From modelling individual preferences to multicriteria ranking of discrete alternatives: A look at {P}rospect {T}heory and the additive difference model},
	Volume = {17},
	Year = {1992}}

@article{brans85,
	Author = {Brans, J.P. and Vincke, P.},
	Date-Added = {2014-08-18 00:42:00 +0000},
	Date-Modified = {2014-09-22 20:02:12 +0000},
	Journal = {Management Science},
	Number = {6},
	Pages = {647-656},
	Title = {A Preference Ranking Organisation Method: (The {PROMETHEE} Method for Multiple Criteria Decision-Making)},
	Volume = {31},
	Year = {1985}}

@article{gomes91,
	Author = {Gomes, L.F.A.M. and Lima, M.M.P.P.},
	Date-Added = {2014-08-18 00:39:54 +0000},
	Date-Modified = {2017-01-31 19:46:04 +0000},
	Journal = {Foundations of Computing and Decision Sciences},
	Number = {4},
	Pages = {113-127},
	Title = {{TODIM}: Basics and application to multicriteria ranking of projects with environmental impacts},
	Volume = {16},
	Year = {1991}}

@article{tversky92,
	Author = {Tversky, A. and Kahneman, D.},
	Date-Added = {2014-08-18 00:36:53 +0000},
	Date-Modified = {2014-09-22 20:30:00 +0000},
	Journal = {Journal of Risk and Uncertainty},
	Number = {4},
	Pages = {297-323},
	Title = {Advances in {P}rospect {T}heory, cumulative representation of uncertainty},
	Volume = {5},
	Year = {1992}}

@inbook{brans2005,
	Address = {New York},
	Author = {Brans, J.P and Mareschal, B.},
	Chapter = {PROMETHEE Methods},
	Date-Added = {2014-08-18 00:29:36 +0000},
	Date-Modified = {2014-09-22 19:58:26 +0000},
	Editor = {Figueira, J. and Greco, S. and Ehrgott, M.},
	Pages = {163-196},
	Publisher = {Springer},
	Series = {International Series in Operations Research \& Management Science},
	Title = {Multiple Criteria Decision Analysis: State of the Art Surveys},
	Volume = {78},
	Year = {2005}}

@book{roy96,
	Address = {Dordrecht},
	Author = {Roy, B.},
	Date-Added = {2014-08-17 20:23:43 +0000},
	Date-Modified = {2014-09-22 20:38:12 +0000},
	Publisher = {Kluwer Academic Publishers},
	Title = {Multicriteria methodology for decision aiding},
	Year = {1996}}

@techreport{R7,
	Author = {Wu, S. and Meixell, M.},
	Date-Added = {2014-05-17 22:08:24 +0000},
	Date-Modified = {2014-05-18 14:53:33 +0000},
	Institution = {IMSE , Lehigh University},
	Number = {98T-007},
	Title = {Relating demand behavior and production policies in the manufacturing supply chain},
	Year = {1998}}

@article{wu2006,
	Author = {Wu, D. Y. and Katok, E.},
	Date-Added = {2014-05-17 22:07:26 +0000},
	Date-Modified = {2014-05-18 14:51:42 +0000},
	Journal = {Journal of Operations Management},
	Number = {6},
	Pages = {839-850},
	Title = {Learning, communication, and the bullwhip effect},
	Volume = {24},
	Year = {2006}}

@article{R6,
	Author = {Warburton, R.},
	Date-Added = {2014-05-17 22:06:36 +0000},
	Date-Modified = {2014-05-17 22:07:24 +0000},
	Journal = {Production and Operations Management},
	Number = {2},
	Pages = {150-160},
	Title = {An analytical investigation of the bullwhip effect},
	Volume = {13},
	Year = {2004}}

@article{tversky1974,
	Author = {Tversky, A. and Kahneman, D.},
	Date-Added = {2014-05-17 22:05:36 +0000},
	Date-Modified = {2014-05-18 15:09:24 +0000},
	Journal = {Science},
	Number = {185},
	Pages = {1124-1131},
	Title = {Judgment under Uncertainty: Heuristics and Biases},
	Year = {1974}}

@article{tversky81,
	Author = {Tversky, A. and Kahneman, D.},
	Date-Added = {2014-05-17 22:04:34 +0000},
	Date-Modified = {2014-05-17 22:05:32 +0000},
	Journal = {Science},
	Number = {4481},
	Pages = {453-458},
	Title = {The Framing of Decisions and the Psychology of Choice},
	Volume = {211},
	Year = {1981}}

@inbook{R11,
	Author = {Takahashi, K. and Myreshka},
	Chapter = {The bullwhip effect and its suppression in supply chain management},
	Date-Added = {2014-05-17 22:03:17 +0000},
	Date-Modified = {2014-05-18 14:54:24 +0000},
	Editor = {H.~Dyckhoff, R.~L., Reese, J.},
	Pages = {245-266},
	Publisher = {Springer},
	Title = {Supply Chain Management and Reverse Logistics},
	Year = {2004}}

@article{R5,
	Author = {Takahashi, K. and Hiraki, S. and Soshiroda, M.},
	Date-Added = {2014-05-17 22:02:23 +0000},
	Date-Modified = {2014-05-18 14:50:22 +0000},
	Journal = {International Journal of Production Research},
	Number = {7},
	Pages = {1739-1752},
	Title = {Flexibility of production ordering systems},
	Volume = {32},
	Year = {1994}}

@techreport{sterman1991,
	Author = {Sterman, J. D. and Mosekilde, E. and Thomsen, J.S.},
	Date-Added = {2014-05-17 22:01:03 +0000},
	Date-Modified = {2014-05-18 14:49:23 +0000},
	Institution = {MIT Sloan School of Management},
	Number = {BPS-3241-91},
	Title = {Experimental evidence of deterministic chaos in human decision making behaviour},
	Year = {1991}}

@article{sterman1989,
	Author = {Sterman, J.},
	Date-Added = {2014-05-17 22:00:00 +0000},
	Date-Modified = {2014-05-17 22:01:02 +0000},
	Journal = {Management Science},
	Number = {3},
	Pages = {321-339},
	Title = {Modeling Managerial Behavior: Misperceptions of Feedback in a Dynamic Decision Making Experiment},
	Volume = {35},
	Year = {1989}}

@inbook{sterman2006,
	Author = {Sterman, J.},
	Chapter = {Operational and behavioral causes of supply chain instability},
	Date-Added = {2014-05-17 21:55:54 +0000},
	Date-Modified = {2014-05-17 21:59:52 +0000},
	Editor = {O. Carranza and F. Villegas,},
	Publisher = {Palgrave McMillan},
	Title = {The Bullwhip Effect in supply chains: a review of methods, components and cases},
	Year = {2006}}

@article{steckel2004,
	Author = {Steckel, J. H. and Gupta, S. and Banerji, A.},
	Date-Added = {2014-05-17 21:54:54 +0000},
	Date-Modified = {2014-05-18 14:54:17 +0000},
	Journal = {Management Science},
	Number = {4},
	Pages = {458-464},
	Title = {Supply chain decision making: Will shorter cycle times and shared point-of-sale information necessarily help?},
	Volume = {50},
	Year = {2004}}

@article{simon,
	Author = {Simon, H.},
	Date-Added = {2014-05-17 21:54:10 +0000},
	Date-Modified = {2014-05-17 21:54:53 +0000},
	Journal = {Quarterly Journal of Economics},
	Number = {1},
	Pages = {99-118},
	Title = {A Behavioral Model of Rational Choice},
	Volume = {69},
	Year = {1955}}

@article{sanfey2007,
	Author = {Sanfey, A.},
	Date-Added = {2014-05-17 21:51:14 +0000},
	Date-Modified = {2014-05-17 21:52:14 +0000},
	Journal = {Science},
	Number = {318},
	Pages = {598-602},
	Title = {Social Decision-Making: Insights from Game Theory and Neuroscience},
	Year = {2007}}

@article{R3,
	Author = {Muramatsu, R. and Ishi, K. and Takahashi, K.},
	Date-Added = {2014-05-17 21:49:17 +0000},
	Date-Modified = {2014-05-18 14:53:57 +0000},
	Journal = {International Journal of Production Research},
	Number = {4},
	Pages = {691-703},
	Title = {Some ways to increase flexibility in manufacturing systems},
	Volume = {23},
	Year = {1985}}

@inproceedings{pomerol,
	Author = {Pomerol, J.C. and Adam, F.},
	Booktitle = {Decision Support in an Uncertain and Complex World: The IFIP TC8/WG8.3 International Conference},
	Date-Added = {2014-05-17 21:46:10 +0000},
	Date-Modified = {2014-05-18 14:53:06 +0000},
	Title = {Practical Decision Making - From the Legacy of Herbert Simon to Decision Support Systems},
	Year = {2004}}

@inproceedings{pereira2001,
	Address = {Roterdam, Netherlands},
	Author = {Pereira, J. and Rivas, M.},
	Booktitle = {Proceedings of EURO 2001},
	Date-Added = {2014-05-17 21:44:59 +0000},
	Date-Modified = {2014-05-18 14:46:56 +0000},
	Title = {A multicriteria analysis of five ordering methods under high- variability and normal demand processes},
	Year = {2001}}

@inproceedings{pereira2013,
	Address = {Concepci\'on, Chile},
	Author = {Pereira, J. and Fuenzalida, R. and Paredes, F. and Fuentes, C.},
	Booktitle = {Proceedings of OPTIMA 2013},
	Date-Added = {2014-05-17 21:42:35 +0000},
	Date-Modified = {2014-05-18 14:52:30 +0000},
	Month = {October},
	Title = {Multicriteria performance evaluation of ordering methods},
	Year = {2013}}

@inbook{pereira2011,
	Author = {Pereira, J. and Ahumada, L. and Paredes, F.},
	Chapter = {Bullwhip-Effect and Flexibility in Supply Chain Management},
	Date-Added = {2014-05-17 21:39:51 +0000},
	Date-Modified = {2014-05-18 14:54:08 +0000},
	Editor = {Dilek Onkal},
	Publisher = {Intech Open Acces Publisher},
	Title = {Supply Chain},
	Year = {2011}}

@article{R24,
	Author = {Pereira, J. and Takahashi, K. and Ahumada, L. and Paredes, F.},
	Date-Added = {2014-05-17 21:38:42 +0000},
	Date-Modified = {2014-05-18 14:49:41 +0000},
	Journal = {International Journal of Production Research},
	Number = {22},
	Pages = {6357-6374},
	Title = {Flexibility dimensions to control bullwhip-effect in a supply chain},
	Volume = {47},
	Year = {2009}}

@article{R23,
	Author = {Pereira, J. and Paulre, B.},
	Date-Added = {2014-05-17 21:37:42 +0000},
	Date-Modified = {2014-05-18 14:50:11 +0000},
	Journal = {uropean Journal of Operational Research},
	Number = {1},
	Pages = {70-85},
	Title = {Flexibility in manufacturing systems: a relational and a dynamic approach},
	Volume = {130},
	Year = {2001}}

@proceedings{R12,
	Address = {Wellington, New Zealand},
	Author = {Pereira, J.},
	Booktitle = {17th International Conference of the System Dynamics Society and the 5th Australian and New Zealand Systems Conference},
	Date-Added = {2014-05-17 21:35:12 +0000},
	Date-Modified = {2014-05-18 14:50:04 +0000},
	Editor = {Cavana, R. and Vennix, J. and Rouwette, E. and Stevenson-Wright, M. and Candlish, J.},
	Organization = {System Dynamics Society},
	Pages = {63-75},
	Title = {Flexibility in manufacturing processes: a relational, dynamic and multidimensional approach},
	Year = {1999}}

@phdthesis{R25,
	Author = {Pereira, J.},
	Date-Added = {2014-05-17 21:33:27 +0000},
	Date-Modified = {2014-05-17 21:34:42 +0000},
	Month = {October},
	School = {Universit\'e Paris-Dauphine, France},
	Title = {Flexibilit\'{e} dans les syst\`{e}mes de production: analyse et \'{e}valuation par simulation},
	Year = {1995}}

@inproceedings{Oliva,
	Author = {Oliva, R. and Gon\c calves,P.},
	Booktitle = {Proceedings of International System Dynamics Conference},
	Date-Added = {2014-05-17 21:00:33 +0000},
	Date-Modified = {2014-05-18 14:47:10 +0000},
	Month = {July},
	Title = {Behavioral Causes of Demand Amplification in Supply Chains: ``Satisficing'' Policies with Limited Information Cues},
	Year = {2005}}

@article{martinez2007,
	Author = {Martinez-Selva, J. M. and Sanchez-Navarro, J. P. and Bechara, A. and Roman, F.},
	Date-Added = {2014-05-17 20:58:58 +0000},
	Date-Modified = {2014-05-18 14:48:48 +0000},
	Journal = {Rev Neurol.},
	Number = {7},
	Pages = {411-418},
	Title = {Brain mechanisms involved in decision-making},
	Volume = {42},
	Year = {2007}}

@article{R2,
	Author = {Lee, H. and So, K. and Tang, C.},
	Date-Added = {2014-05-17 20:54:32 +0000},
	Date-Modified = {2014-05-18 14:54:48 +0000},
	Journal = {Management Science},
	Number = {5},
	Pages = {626-643},
	Title = {The value of information sharing in a two-level supply chain},
	Volume = {46},
	Year = {2000}}

@article{R8,
	Author = {Lee, H. and Padmanabhan, P. and Whang, S.},
	Date-Added = {2014-05-17 20:52:06 +0000},
	Date-Modified = {2014-05-18 14:51:03 +0000},
	Journal = {Management Science},
	Number = {4},
	Pages = {546-558},
	Title = {Information distortion in a supply chain: the bullwhip-effect},
	Volume = {43},
	Year = {1997}}

@article{kahneman1979,
	Author = {Kahneman, D. and Tversky, A.},
	Date-Added = {2014-05-17 20:49:50 +0000},
	Date-Modified = {2014-09-22 20:22:39 +0000},
	Journal = {Econometrica},
	Number = {2},
	Pages = {263-291},
	Title = {{P}rospect {T}heory: An Analysis of Decisions under Risk},
	Volume = {47},
	Year = {1979}}

@inbook{kahneman2002,
	Author = {Kahneman, D. and Frederick, S.},
	Chapter = {Representativeness Revisited: Attribute Substitution in Intuitive Judgment},
	Date-Added = {2014-05-17 20:47:07 +0000},
	Date-Modified = {2014-08-18 02:56:41 +0000},
	Editor = {Gilovich, T and Griffin, D and Kahneman, D.},
	Pages = {49-81},
	Publisher = {Cambridge University Press},
	Title = {Heuristics and biases: The psychology of intuitive thought},
	Year = {2002}}

@article{kahneman2003,
	Author = {Kahneman, D.},
	Date-Added = {2014-05-17 20:38:34 +0000},
	Date-Modified = {2014-05-18 14:51:51 +0000},
	Journal = {The American Economic Review},
	Number = {5},
	Pages = {1449-1475},
	Title = {Maps of Bounded Rationality: Psychology for Behavioral Economics},
	Volume = {93},
	Year = {2003}}

@article{hewig2011,
	Author = {Hewig J. and Kretschmer N. and Trippe R. H. and Hecht, H. and Coles, M. G. and Holroyd, C. B.},
	Date-Added = {2014-05-17 20:37:12 +0000},
	Date-Modified = {2014-05-18 14:55:48 +0000},
	Journal = {Psychophysiology},
	Number = {48},
	Pages = {507-514},
	Title = {Why humans deviate from rational choice},
	Year = {2011}}

@article{R10,
	Author = {Geary, D. and Disney, S. and Towill, D.R.},
	Date-Added = {2014-05-17 14:27:39 +0000},
	Date-Modified = {2014-05-18 14:52:41 +0000},
	Journal = {International Journal of Production Research},
	Number = {1},
	Pages = {2-18},
	Title = {On bullwhip in supply chains - historical review, present practice and expected future impact},
	Volume = {101},
	Year = {2006}}

@book{forrester,
	Address = {Cambridge, MA, USA},
	Author = {Forrester, J.},
	Date-Added = {2014-05-17 14:22:39 +0000},
	Date-Modified = {2014-05-17 14:27:32 +0000},
	Publisher = {The MIT Press},
	Title = {Industrial dynamics},
	Year = {1969}}

@article{croson2013,
	Author = {Croson, R. and Donohue, K. and Katok, E. and Sterman, J.},
	Date-Added = {2014-05-16 20:08:19 +0000},
	Date-Modified = {2014-05-18 14:52:57 +0000},
	Journal = {Production and Operations Management},
	Number = {2},
	Pages = {176-196},
	Title = {Order stability in supply chains: Coordination risk and the role of coordination stock},
	Volume = {23},
	Year = {2013}}

@article{croson2003,
	Author = {Croson, R. and Donohue, K.},
	Date-Added = {2014-05-16 20:04:42 +0000},
	Date-Modified = {2014-05-18 14:50:46 +0000},
	Journal = {Production and Operations management},
	Number = {1},
	Pages = {1-11},
	Title = {Impact of POS data sharing on supply chain management: an experimental study},
	Volume = {12},
	Year = {2003}}

@article{croson2005,
	Author = {Croson, R. and Donohue, K.},
	Date-Added = {2014-05-16 20:03:35 +0000},
	Date-Modified = {2014-05-18 14:54:55 +0000},
	Journal = {System Dynamics Review},
	Number = {3},
	Pages = {249-260},
	Title = {Upstream versus downstream information and its impact on the bullwhip effect},
	Volume = {21},
	Year = {2005}}

@article{croson2006,
	Author = {Croson, R. and Donohue, K.},
	Date-Added = {2014-05-16 20:02:30 +0000},
	Date-Modified = {2014-05-18 14:48:20 +0000},
	Journal = {Management Science},
	Number = {3},
	Pages = {323-336},
	Title = {Behavioral causes of the bullwhip effect and the observed value of inventory information},
	Volume = {52},
	Year = {2006}}

@article{R9,
	Author = {Chen, F. and Drezner, Z. and Ryan, J. and Simchi-Levi, D.},
	Date-Added = {2014-05-16 20:01:22 +0000},
	Date-Modified = {2014-05-18 14:53:26 +0000},
	Journal = {Management Science},
	Number = {3},
	Pages = {436-443},
	Title = {Quantifying the bullwhip effect in a simple supply chain: The impact of forecasting, lead times, and information},
	Volume = {46},
	Year = {2000}}

@book{bouyssou,
	Author = {Bouyssou, D. and Marchant, T. and Pirlot, M. and Perny, P. and Tsoukias, A. and Vincke, P.},
	Date-Added = {2014-05-16 19:59:18 +0000},
	Date-Modified = {2014-05-18 14:49:12 +0000},
	Publisher = {Springer-Verlag},
	Series = {International Series in Operations Research \& Management Science},
	Title = {Evaluation and Decision Models},
	Volume = {32},
	Year = {2006}}

@article{bechara1994,
	Author = {Bechara, A. and Damasio, A. R. and Damasio, H. and Anderson, S.W.},
	Date-Added = {2014-05-16 19:54:40 +0000},
	Date-Modified = {2014-05-18 14:51:24 +0000},
	Journal = {Cognition},
	Number = {50},
	Pages = {7-15},
	Title = {Insensitivity to future consequences following damage to human prefrontal cortex},
	Year = {1994}}
